<?xml version='1.0' encoding='UTF-8'?>
<Document xmlns="urn:iso:std:iso:20022:tech:xsd:pain.001.001.12">
  <CstmrCdtTrfInitn>
    <GrpHdr>
      <MsgId>MSG2-58448ee4</MsgId>
      <CreDtTm>2025-10-10T17:36:40+00:00</CreDtTm>
      <NbOfTxs>108</NbOfTxs>
      <InitgPty>
        <Nm>Teresa Collins</Nm>
      </InitgPty>
      <CtrlSum>497563.87</CtrlSum>
    </GrpHdr>
    <PmtInf>
      <PmtInfId>PMT-17c71d</PmtInfId>
      <PmtMtd>TRF</PmtMtd>
      <ReqdExctnDt>2025-03-29</ReqdExctnDt>
      <Dbtr>
        <Nm>Teresa Collins</Nm>
      </Dbtr>
      <DbtrAcct>
        <Id>
          <IBAN>DE64MUZK28168505423573</IBAN>
        </Id>
      </DbtrAcct>
      <DbtrAgt>
        <FinInstnId>
          <BIC>HEECGBSG</BIC>
        </FinInstnId>
      </DbtrAgt>
      <CdtTrfTxInf>
        <PmtId>
          <InstrId>INSTR-1</InstrId>
          <EndToEndId>E2E-6232fea72a</EndToEndId>
        </PmtId>
        <Amt>
          <InstdAmt Ccy="CHF">644.16</InstdAmt>
        </Amt>
        <Cdtr>
          <Nm>Kimberly Rodgers</Nm>
          <PstlAdr>
            <StrtNm>Ebony Wells</StrtNm>
            <BldgNb>34</BldgNb>
            <TwnNm>New Nicholas</TwnNm>
            <Ctry>DE</Ctry>
          </PstlAdr>
        </Cdtr>
        <CdtrAcct>
          <Id>
            <IBAN>DE10FFWY92706537947383</IBAN>
          </Id>
        </CdtrAcct>
        <CdtrAgt>
          <FinInstnId>
            <BIC>JZZPGBMX</BIC>
          </FinInstnId>
        </CdtrAgt>
        <Purp>
          <Cd>SUPP</Cd>
        </Purp>
        <RmtInf>
          <Ustrd>Base civil last message store.</Ustrd>
        </RmtInf>
      </CdtTrfTxInf>
      <CdtTrfTxInf>
        <PmtId>
          <InstrId>INSTR-2</InstrId>
          <EndToEndId>E2E-06d5886b25</EndToEndId>
        </PmtId>
        <Amt>
          <InstdAmt Ccy="PLN">34960.90</InstdAmt>
        </Amt>
        <Cdtr>
          <Nm>Anthony Shaw</Nm>
          <PstlAdr>
            <StrtNm>Paul Common</StrtNm>
            <BldgNb>139</BldgNb>
            <TwnNm>Jeffreymouth</TwnNm>
            <Ctry>PT</Ctry>
          </PstlAdr>
        </Cdtr>
        <CdtrAcct>
          <Id>
            <IBAN>PT94DWUK22047277901043</IBAN>
          </Id>
        </CdtrAcct>
        <CdtrAgt>
          <FinInstnId>
            <BIC>ERXTGB71</BIC>
          </FinInstnId>
        </CdtrAgt>
        <Purp>
          <Cd>PENS</Cd>
        </Purp>
        <RmtInf>
          <Ustrd>Simply down business draw.</Ustrd>
        </RmtInf>
      </CdtTrfTxInf>
      <CdtTrfTxInf>
        <PmtId>
          <InstrId>INSTR-3</InstrId>
          <EndToEndId>E2E-9bc3c83dbb</EndToEndId>
        </PmtId>
        <Amt>
          <InstdAmt Ccy="GBP">2546.18</InstdAmt>
        </Amt>
        <Cdtr>
          <Nm>Lucas Allen</Nm>
          <PstlAdr>
            <StrtNm>Lopez Skyway</StrtNm>
            <BldgNb>151</BldgNb>
            <TwnNm>New Theresaland</TwnNm>
            <Ctry>DE</Ctry>
          </PstlAdr>
        </Cdtr>
        <CdtrAcct>
          <Id>
            <IBAN>DE89QRQZ88067065405153</IBAN>
          </Id>
        </CdtrAcct>
        <CdtrAgt>
          <FinInstnId>
            <BIC>XVUDGBVI</BIC>
          </FinInstnId>
        </CdtrAgt>
        <Purp>
          <Cd>TRAD</Cd>
        </Purp>
        <RmtInf>
          <Ustrd>Good full poor.</Ustrd>
        </RmtInf>
      </CdtTrfTxInf>
      <CdtTrfTxInf>
        <PmtId>
          <InstrId>INSTR-4</InstrId>
          <EndToEndId>E2E-db66529370</EndToEndId>
        </PmtId>
        <Amt>
          <InstdAmt Ccy="CHF">5767.34</InstdAmt>
        </Amt>
        <Cdtr>
          <Nm>Rick Blackwell</Nm>
          <PstlAdr>
            <StrtNm>Mahoney Passage</StrtNm>
            <BldgNb>103</BldgNb>
            <TwnNm>Haysside</TwnNm>
            <Ctry>PL</Ctry>
          </PstlAdr>
        </Cdtr>
        <CdtrAcct>
          <Id>
            <IBAN>PL27PIBY34505415667652</IBAN>
          </Id>
        </CdtrAcct>
        <CdtrAgt>
          <FinInstnId>
            <BIC>PWPLGB7R</BIC>
          </FinInstnId>
        </CdtrAgt>
        <Purp>
          <Cd>PENS</Cd>
        </Purp>
        <RmtInf>
          <Ustrd>Risk bad own state.</Ustrd>
        </RmtInf>
      </CdtTrfTxInf>
      <CdtTrfTxInf>
        <PmtId>
          <InstrId>INSTR-5</InstrId>
          <EndToEndId>E2E-fb409a7d01</EndToEndId>
        </PmtId>
        <Amt>
          <InstdAmt Ccy="JPY">73488.01</InstdAmt>
        </Amt>
        <Cdtr>
          <Nm>Jeremy Acosta</Nm>
          <PstlAdr>
            <StrtNm>Mendez Mews</StrtNm>
            <BldgNb>53</BldgNb>
            <TwnNm>Danielleton</TwnNm>
            <Ctry>FR</Ctry>
          </PstlAdr>
        </Cdtr>
        <CdtrAcct>
          <Id>
            <IBAN>FR35CVUM58202970213556</IBAN>
          </Id>
        </CdtrAcct>
        <CdtrAgt>
          <FinInstnId>
            <BIC>SBTEGB2X</BIC>
          </FinInstnId>
        </CdtrAgt>
        <Purp>
          <Cd>TAXS</Cd>
        </Purp>
        <RmtInf>
          <Ustrd>Know baby case happen fire everything.</Ustrd>
        </RmtInf>
      </CdtTrfTxInf>
      <CdtTrfTxInf>
        <PmtId>
          <InstrId>INSTR-6</InstrId>
          <EndToEndId>E2E-974a345bfe</EndToEndId>
        </PmtId>
        <Amt>
          <InstdAmt Ccy="EUR">4523.34</InstdAmt>
        </Amt>
        <Cdtr>
          <Nm>Reginald Padilla</Nm>
          <PstlAdr>
            <StrtNm>Wendy Heights</StrtNm>
            <BldgNb>15</BldgNb>
            <TwnNm>Gonzalezberg</TwnNm>
            <Ctry>BE</Ctry>
          </PstlAdr>
        </Cdtr>
        <CdtrAcct>
          <Id>
            <IBAN>BE30COFW71551884422583</IBAN>
          </Id>
        </CdtrAcct>
        <CdtrAgt>
          <FinInstnId>
            <BIC>DGZEGBP5</BIC>
          </FinInstnId>
        </CdtrAgt>
        <Purp>
          <Cd>TRAD</Cd>
        </Purp>
        <RmtInf>
          <Ustrd>Guess occur level.</Ustrd>
        </RmtInf>
      </CdtTrfTxInf>
      <CdtTrfTxInf>
        <PmtId>
          <InstrId>INSTR-7</InstrId>
          <EndToEndId>E2E-1d5441df92</EndToEndId>
        </PmtId>
        <Amt>
          <InstdAmt Ccy="CHF">2501.10</InstdAmt>
        </Amt>
        <Cdtr>
          <Nm>Kenneth Martinez</Nm>
          <PstlAdr>
            <StrtNm>Day Mission</StrtNm>
            <BldgNb>168</BldgNb>
            <TwnNm>Frazierstad</TwnNm>
            <Ctry>PT</Ctry>
          </PstlAdr>
        </Cdtr>
        <CdtrAcct>
          <Id>
            <IBAN>PT65EYRU92268018242253</IBAN>
          </Id>
        </CdtrAcct>
        <CdtrAgt>
          <FinInstnId>
            <BIC>LQJCGBQM</BIC>
          </FinInstnId>
        </CdtrAgt>
        <Purp>
          <Cd>TRAD</Cd>
        </Purp>
        <RmtInf>
          <Ustrd>Probably result painting successful.</Ustrd>
        </RmtInf>
      </CdtTrfTxInf>
      <CdtTrfTxInf>
        <PmtId>
          <InstrId>INSTR-8</InstrId>
          <EndToEndId>E2E-b0994f16ce</EndToEndId>
        </PmtId>
        <Amt>
          <InstdAmt Ccy="GBP">3339.32</InstdAmt>
        </Amt>
        <Cdtr>
          <Nm>Lisa Johnson</Nm>
          <PstlAdr>
            <StrtNm>May Hollow</StrtNm>
            <BldgNb>184</BldgNb>
            <TwnNm>Sanchezfurt</TwnNm>
            <Ctry>FR</Ctry>
          </PstlAdr>
        </Cdtr>
        <CdtrAcct>
          <Id>
            <IBAN>FR67JOCW02767735925556</IBAN>
          </Id>
        </CdtrAcct>
        <CdtrAgt>
          <FinInstnId>
            <BIC>EYLQGB9G</BIC>
          </FinInstnId>
        </CdtrAgt>
        <Purp>
          <Cd>INTC</Cd>
        </Purp>
        <RmtInf>
          <Ustrd>Drop business last cell anything war.</Ustrd>
        </RmtInf>
      </CdtTrfTxInf>
      <CdtTrfTxInf>
        <PmtId>
          <InstrId>INSTR-9</InstrId>
          <EndToEndId>E2E-cf963cde83</EndToEndId>
        </PmtId>
        <Amt>
          <InstdAmt Ccy="PLN">29136.88</InstdAmt>
        </Amt>
        <Cdtr>
          <Nm>Julie Koch DDS</Nm>
          <PstlAdr>
            <StrtNm>Sierra Parkways</StrtNm>
            <BldgNb>124</BldgNb>
            <TwnNm>Levyborough</TwnNm>
            <Ctry>FR</Ctry>
          </PstlAdr>
        </Cdtr>
        <CdtrAcct>
          <Id>
            <IBAN>FR64SLBB47974801624565</IBAN>
          </Id>
        </CdtrAcct>
        <CdtrAgt>
          <FinInstnId>
            <BIC>BMBSGB9M</BIC>
          </FinInstnId>
        </CdtrAgt>
        <Purp>
          <Cd>GOVT</Cd>
        </Purp>
        <RmtInf>
          <Ustrd>On someone rise read ago listen.</Ustrd>
        </RmtInf>
      </CdtTrfTxInf>
      <CdtTrfTxInf>
        <PmtId>
          <InstrId>INSTR-10</InstrId>
          <EndToEndId>E2E-2d0ee67b26</EndToEndId>
        </PmtId>
        <Amt>
          <InstdAmt Ccy="CAD">13583.17</InstdAmt>
        </Amt>
        <Cdtr>
          <Nm>Amanda Vaughan</Nm>
          <PstlAdr>
            <StrtNm>James Mill</StrtNm>
            <BldgNb>23</BldgNb>
            <TwnNm>Robertchester</TwnNm>
            <Ctry>FR</Ctry>
          </PstlAdr>
        </Cdtr>
        <CdtrAcct>
          <Id>
            <IBAN>FR28WGNQ97028385786527</IBAN>
          </Id>
        </CdtrAcct>
        <CdtrAgt>
          <FinInstnId>
            <BIC>RKRLGBQ4</BIC>
          </FinInstnId>
        </CdtrAgt>
        <Purp>
          <Cd>SUPP</Cd>
        </Purp>
        <RmtInf>
          <Ustrd>Whatever everything fear walk word.</Ustrd>
        </RmtInf>
      </CdtTrfTxInf>
      <CdtTrfTxInf>
        <PmtId>
          <InstrId>INSTR-11</InstrId>
          <EndToEndId>E2E-6126345cb9</EndToEndId>
        </PmtId>
        <Amt>
          <InstdAmt Ccy="GBP">183.68</InstdAmt>
        </Amt>
        <Cdtr>
          <Nm>Mikayla Roberts</Nm>
          <PstlAdr>
            <StrtNm>Huang Locks</StrtNm>
            <BldgNb>28</BldgNb>
            <TwnNm>Stephanieberg</TwnNm>
            <Ctry>PT</Ctry>
          </PstlAdr>
        </Cdtr>
        <CdtrAcct>
          <Id>
            <IBAN>PT26JBJW15747338484219</IBAN>
          </Id>
        </CdtrAcct>
        <CdtrAgt>
          <FinInstnId>
            <BIC>XSHHGBD7</BIC>
          </FinInstnId>
        </CdtrAgt>
        <Purp>
          <Cd>INTC</Cd>
        </Purp>
        <RmtInf>
          <Ustrd>Point appear including response beyond.</Ustrd>
        </RmtInf>
      </CdtTrfTxInf>
      <CdtTrfTxInf>
        <PmtId>
          <InstrId>INSTR-12</InstrId>
          <EndToEndId>E2E-89da20005d</EndToEndId>
        </PmtId>
        <Amt>
          <InstdAmt Ccy="JPY">1450811.07</InstdAmt>
        </Amt>
        <Cdtr>
          <Nm>Sherry Woods</Nm>
          <PstlAdr>
            <StrtNm>Katelyn Heights</StrtNm>
            <BldgNb>128</BldgNb>
            <TwnNm>Justinton</TwnNm>
            <Ctry>NL</Ctry>
          </PstlAdr>
        </Cdtr>
        <CdtrAcct>
          <Id>
            <IBAN>NL34YCUS38026206724004</IBAN>
          </Id>
        </CdtrAcct>
        <CdtrAgt>
          <FinInstnId>
            <BIC>STDKGBS3</BIC>
          </FinInstnId>
        </CdtrAgt>
        <Purp>
          <Cd>INTC</Cd>
        </Purp>
        <RmtInf>
          <Ustrd>Despite card check security paper.</Ustrd>
        </RmtInf>
      </CdtTrfTxInf>
      <CdtTrfTxInf>
        <PmtId>
          <InstrId>INSTR-13</InstrId>
          <EndToEndId>E2E-3f54e6f06e</EndToEndId>
        </PmtId>
        <Amt>
          <InstdAmt Ccy="GBP">6677.41</InstdAmt>
        </Amt>
        <Cdtr>
          <Nm>Linda Cobb</Nm>
          <PstlAdr>
            <StrtNm>Rice Lake</StrtNm>
            <BldgNb>129</BldgNb>
            <TwnNm>New Danielside</TwnNm>
            <Ctry>DE</Ctry>
          </PstlAdr>
        </Cdtr>
        <CdtrAcct>
          <Id>
            <IBAN>DE11QGSR22587139718707</IBAN>
          </Id>
        </CdtrAcct>
        <CdtrAgt>
          <FinInstnId>
            <BIC>EQNOGBD9</BIC>
          </FinInstnId>
        </CdtrAgt>
        <Purp>
          <Cd>TAXS</Cd>
        </Purp>
        <RmtInf>
          <Ustrd>General as yes various attorney value.</Ustrd>
        </RmtInf>
      </CdtTrfTxInf>
      <CdtTrfTxInf>
        <PmtId>
          <InstrId>INSTR-14</InstrId>
          <EndToEndId>E2E-1ba12565d1</EndToEndId>
        </PmtId>
        <Amt>
          <InstdAmt Ccy="EUR">2103.53</InstdAmt>
        </Amt>
        <Cdtr>
          <Nm>Monica Stuart</Nm>
          <PstlAdr>
            <StrtNm>Haney Light</StrtNm>
            <BldgNb>57</BldgNb>
            <TwnNm>Kanefurt</TwnNm>
            <Ctry>ES</Ctry>
          </PstlAdr>
        </Cdtr>
        <CdtrAcct>
          <Id>
            <IBAN>ES29MCVV82512868230047</IBAN>
          </Id>
        </CdtrAcct>
        <CdtrAgt>
          <FinInstnId>
            <BIC>VXRNGB8Y</BIC>
          </FinInstnId>
        </CdtrAgt>
        <Purp>
          <Cd>TAXS</Cd>
        </Purp>
        <RmtInf>
          <Ustrd>Easy get every visit right.</Ustrd>
        </RmtInf>
      </CdtTrfTxInf>
      <CdtTrfTxInf>
        <PmtId>
          <InstrId>INSTR-15</InstrId>
          <EndToEndId>E2E-d9b0a4b1c2</EndToEndId>
        </PmtId>
        <Amt>
          <InstdAmt Ccy="JPY">1138942.82</InstdAmt>
        </Amt>
        <Cdtr>
          <Nm>Cynthia Jones</Nm>
          <PstlAdr>
            <StrtNm>Sean Spring</StrtNm>
            <BldgNb>66</BldgNb>
            <TwnNm>East Joyfurt</TwnNm>
            <Ctry>GB</Ctry>
          </PstlAdr>
        </Cdtr>
        <CdtrAcct>
          <Id>
            <IBAN>GB11OHRG02843959953428</IBAN>
          </Id>
        </CdtrAcct>
        <CdtrAgt>
          <FinInstnId>
            <BIC>HNJIGBD9</BIC>
          </FinInstnId>
        </CdtrAgt>
        <Purp>
          <Cd>TAXS</Cd>
        </Purp>
        <RmtInf>
          <Ustrd>Tax certain leg arm include.</Ustrd>
        </RmtInf>
      </CdtTrfTxInf>
      <CdtTrfTxInf>
        <PmtId>
          <InstrId>INSTR-16</InstrId>
          <EndToEndId>E2E-f6ea9885ad</EndToEndId>
        </PmtId>
        <Amt>
          <InstdAmt Ccy="PLN">391.77</InstdAmt>
        </Amt>
        <Cdtr>
          <Nm>Anna Hardy</Nm>
          <PstlAdr>
            <StrtNm>Brett Lane</StrtNm>
            <BldgNb>58</BldgNb>
            <TwnNm>Port Charlesshire</TwnNm>
            <Ctry>NL</Ctry>
          </PstlAdr>
        </Cdtr>
        <CdtrAcct>
          <Id>
            <IBAN>NL35XVRG73540331739363</IBAN>
          </Id>
        </CdtrAcct>
        <CdtrAgt>
          <FinInstnId>
            <BIC>RKYJGBY3</BIC>
          </FinInstnId>
        </CdtrAgt>
        <Purp>
          <Cd>PENS</Cd>
        </Purp>
        <RmtInf>
          <Ustrd>Network once result far cultural.</Ustrd>
        </RmtInf>
      </CdtTrfTxInf>
      <CdtTrfTxInf>
        <PmtId>
          <InstrId>INSTR-17</InstrId>
          <EndToEndId>E2E-7545587f5f</EndToEndId>
        </PmtId>
        <Amt>
          <InstdAmt Ccy="EUR">5543.00</InstdAmt>
        </Amt>
        <Cdtr>
          <Nm>Roberto Levy</Nm>
          <PstlAdr>
            <StrtNm>Murray Street</StrtNm>
            <BldgNb>53</BldgNb>
            <TwnNm>Garyside</TwnNm>
            <Ctry>DE</Ctry>
          </PstlAdr>
        </Cdtr>
        <CdtrAcct>
          <Id>
            <IBAN>DE73PFRU08010062312038</IBAN>
          </Id>
        </CdtrAcct>
        <CdtrAgt>
          <FinInstnId>
            <BIC>OLBTGB45</BIC>
          </FinInstnId>
        </CdtrAgt>
        <Purp>
          <Cd>DIVD</Cd>
        </Purp>
        <RmtInf>
          <Ustrd>According necessary activity.</Ustrd>
        </RmtInf>
      </CdtTrfTxInf>
      <CdtTrfTxInf>
        <PmtId>
          <InstrId>INSTR-18</InstrId>
          <EndToEndId>E2E-7830b10aae</EndToEndId>
        </PmtId>
        <Amt>
          <InstdAmt Ccy="JPY">400203.91</InstdAmt>
        </Amt>
        <Cdtr>
          <Nm>Thomas Warren</Nm>
          <PstlAdr>
            <StrtNm>James Pine</StrtNm>
            <BldgNb>29</BldgNb>
            <TwnNm>Lisaview</TwnNm>
            <Ctry>BE</Ctry>
          </PstlAdr>
        </Cdtr>
        <CdtrAcct>
          <Id>
            <IBAN>BE89ZMCL67933410166687</IBAN>
          </Id>
        </CdtrAcct>
        <CdtrAgt>
          <FinInstnId>
            <BIC>BUAWGBKF</BIC>
          </FinInstnId>
        </CdtrAgt>
        <Purp>
          <Cd>SALA</Cd>
        </Purp>
        <RmtInf>
          <Ustrd>Deep test thought little another.</Ustrd>
        </RmtInf>
      </CdtTrfTxInf>
      <CdtTrfTxInf>
        <PmtId>
          <InstrId>INSTR-19</InstrId>
          <EndToEndId>E2E-58fec1adc7</EndToEndId>
        </PmtId>
        <Amt>
          <InstdAmt Ccy="JPY">863952.42</InstdAmt>
        </Amt>
        <Cdtr>
          <Nm>Samuel Smith</Nm>
          <PstlAdr>
            <StrtNm>Brenda Terrace</StrtNm>
            <BldgNb>200</BldgNb>
            <TwnNm>Hickmanport</TwnNm>
            <Ctry>PT</Ctry>
          </PstlAdr>
        </Cdtr>
        <CdtrAcct>
          <Id>
            <IBAN>PT77FSHS68562185016315</IBAN>
          </Id>
        </CdtrAcct>
        <CdtrAgt>
          <FinInstnId>
            <BIC>TYTTGBZU</BIC>
          </FinInstnId>
        </CdtrAgt>
        <Purp>
          <Cd>DIVD</Cd>
        </Purp>
        <RmtInf>
          <Ustrd>Plant situation late.</Ustrd>
        </RmtInf>
      </CdtTrfTxInf>
      <CdtTrfTxInf>
        <PmtId>
          <InstrId>INSTR-20</InstrId>
          <EndToEndId>E2E-555936bc3e</EndToEndId>
        </PmtId>
        <Amt>
          <InstdAmt Ccy="CAD">11670.86</InstdAmt>
        </Amt>
        <Cdtr>
          <Nm>Luke Yates</Nm>
          <PstlAdr>
            <StrtNm>Christopher Drives</StrtNm>
            <BldgNb>41</BldgNb>
            <TwnNm>Dawsonberg</TwnNm>
            <Ctry>PL</Ctry>
          </PstlAdr>
        </Cdtr>
        <CdtrAcct>
          <Id>
            <IBAN>PL86XMKL11047541212678</IBAN>
          </Id>
        </CdtrAcct>
        <CdtrAgt>
          <FinInstnId>
            <BIC>RQNDGBBF</BIC>
          </FinInstnId>
        </CdtrAgt>
        <Purp>
          <Cd>TRAD</Cd>
        </Purp>
        <RmtInf>
          <Ustrd>Right nice yeah drug.</Ustrd>
        </RmtInf>
      </CdtTrfTxInf>
      <CdtTrfTxInf>
        <PmtId>
          <InstrId>INSTR-21</InstrId>
          <EndToEndId>E2E-03b670a54e</EndToEndId>
        </PmtId>
        <Amt>
          <InstdAmt Ccy="GBP">2822.45</InstdAmt>
        </Amt>
        <Cdtr>
          <Nm>John Jones</Nm>
          <PstlAdr>
            <StrtNm>Raymond Stravenue</StrtNm>
            <BldgNb>61</BldgNb>
            <TwnNm>Wheelerborough</TwnNm>
            <Ctry>PL</Ctry>
          </PstlAdr>
        </Cdtr>
        <CdtrAcct>
          <Id>
            <IBAN>PL98ODEJ06596575692459</IBAN>
          </Id>
        </CdtrAcct>
        <CdtrAgt>
          <FinInstnId>
            <BIC>WGPKGBLZ</BIC>
          </FinInstnId>
        </CdtrAgt>
        <Purp>
          <Cd>INTC</Cd>
        </Purp>
        <RmtInf>
          <Ustrd>Fact reason make office drug heavy.</Ustrd>
        </RmtInf>
      </CdtTrfTxInf>
      <CdtTrfTxInf>
        <PmtId>
          <InstrId>INSTR-22</InstrId>
          <EndToEndId>E2E-8e46e69e9a</EndToEndId>
        </PmtId>
        <Amt>
          <InstdAmt Ccy="USD">581.73</InstdAmt>
        </Amt>
        <Cdtr>
          <Nm>Nicholas Hahn</Nm>
          <PstlAdr>
            <StrtNm>Samuel Highway</StrtNm>
            <BldgNb>188</BldgNb>
            <TwnNm>Port Melaniechester</TwnNm>
            <Ctry>PT</Ctry>
          </PstlAdr>
        </Cdtr>
        <CdtrAcct>
          <Id>
            <IBAN>PT99VPEU43426617979688</IBAN>
          </Id>
        </CdtrAcct>
        <CdtrAgt>
          <FinInstnId>
            <BIC>WNRBGBX8</BIC>
          </FinInstnId>
        </CdtrAgt>
        <Purp>
          <Cd>GOVT</Cd>
        </Purp>
        <RmtInf>
          <Ustrd>General agency bit indeed.</Ustrd>
        </RmtInf>
      </CdtTrfTxInf>
      <CdtTrfTxInf>
        <PmtId>
          <InstrId>INSTR-23</InstrId>
          <EndToEndId>E2E-8e2e4b47e4</EndToEndId>
        </PmtId>
        <Amt>
          <InstdAmt Ccy="EUR">1752.75</InstdAmt>
        </Amt>
        <Cdtr>
          <Nm>Daniel Webb</Nm>
          <PstlAdr>
            <StrtNm>Davis Stravenue</StrtNm>
            <BldgNb>98</BldgNb>
            <TwnNm>Floresport</TwnNm>
            <Ctry>GB</Ctry>
          </PstlAdr>
        </Cdtr>
        <CdtrAcct>
          <Id>
            <IBAN>GB63BZWD05123828258673</IBAN>
          </Id>
        </CdtrAcct>
        <CdtrAgt>
          <FinInstnId>
            <BIC>ZMUFGBL1</BIC>
          </FinInstnId>
        </CdtrAgt>
        <Purp>
          <Cd>GOVT</Cd>
        </Purp>
        <RmtInf>
          <Ustrd>Ahead pass culture or home relate.</Ustrd>
        </RmtInf>
      </CdtTrfTxInf>
      <CdtTrfTxInf>
        <PmtId>
          <InstrId>INSTR-24</InstrId>
          <EndToEndId>E2E-a0288ce771</EndToEndId>
        </PmtId>
        <Amt>
          <InstdAmt Ccy="EUR">3637.69</InstdAmt>
        </Amt>
        <Cdtr>
          <Nm>Holly Gonzalez</Nm>
          <PstlAdr>
            <StrtNm>Jose Wall</StrtNm>
            <BldgNb>159</BldgNb>
            <TwnNm>Rosemouth</TwnNm>
            <Ctry>ES</Ctry>
          </PstlAdr>
        </Cdtr>
        <CdtrAcct>
          <Id>
            <IBAN>ES53TMTM91557924991251</IBAN>
          </Id>
        </CdtrAcct>
        <CdtrAgt>
          <FinInstnId>
            <BIC>HJDFGBXJ</BIC>
          </FinInstnId>
        </CdtrAgt>
        <Purp>
          <Cd>SUPP</Cd>
        </Purp>
        <RmtInf>
          <Ustrd>Never majority cell fire.</Ustrd>
        </RmtInf>
      </CdtTrfTxInf>
      <CdtTrfTxInf>
        <PmtId>
          <InstrId>INSTR-25</InstrId>
          <EndToEndId>E2E-b6b08a6a93</EndToEndId>
        </PmtId>
        <Amt>
          <InstdAmt Ccy="PLN">26471.82</InstdAmt>
        </Amt>
        <Cdtr>
          <Nm>Jennifer Vasquez</Nm>
          <PstlAdr>
            <StrtNm>Burns Corner</StrtNm>
            <BldgNb>4</BldgNb>
            <TwnNm>Port Kathleenport</TwnNm>
            <Ctry>NL</Ctry>
          </PstlAdr>
        </Cdtr>
        <CdtrAcct>
          <Id>
            <IBAN>NL60BIHR42797881914858</IBAN>
          </Id>
        </CdtrAcct>
        <CdtrAgt>
          <FinInstnId>
            <BIC>YBYXGB28</BIC>
          </FinInstnId>
        </CdtrAgt>
        <Purp>
          <Cd>INTC</Cd>
        </Purp>
        <RmtInf>
          <Ustrd>Wrong bill stop seem fear.</Ustrd>
        </RmtInf>
      </CdtTrfTxInf>
      <CdtTrfTxInf>
        <PmtId>
          <InstrId>INSTR-26</InstrId>
          <EndToEndId>E2E-c304106ccc</EndToEndId>
        </PmtId>
        <Amt>
          <InstdAmt Ccy="JPY">994812.87</InstdAmt>
        </Amt>
        <Cdtr>
          <Nm>Xavier Rowe</Nm>
          <PstlAdr>
            <StrtNm>Jason Street</StrtNm>
            <BldgNb>131</BldgNb>
            <TwnNm>Michellechester</TwnNm>
            <Ctry>ES</Ctry>
          </PstlAdr>
        </Cdtr>
        <CdtrAcct>
          <Id>
            <IBAN>ES83FTEZ33095849825449</IBAN>
          </Id>
        </CdtrAcct>
        <CdtrAgt>
          <FinInstnId>
            <BIC>IQVDGBI0</BIC>
          </FinInstnId>
        </CdtrAgt>
        <Purp>
          <Cd>TAXS</Cd>
        </Purp>
        <RmtInf>
          <Ustrd>Yeah term camera tend.</Ustrd>
        </RmtInf>
      </CdtTrfTxInf>
      <CdtTrfTxInf>
        <PmtId>
          <InstrId>INSTR-27</InstrId>
          <EndToEndId>E2E-f601a53d9a</EndToEndId>
        </PmtId>
        <Amt>
          <InstdAmt Ccy="USD">5130.58</InstdAmt>
        </Amt>
        <Cdtr>
          <Nm>Mark Burton</Nm>
          <PstlAdr>
            <StrtNm>Hayes Roads</StrtNm>
            <BldgNb>85</BldgNb>
            <TwnNm>South Zacharyview</TwnNm>
            <Ctry>DE</Ctry>
          </PstlAdr>
        </Cdtr>
        <CdtrAcct>
          <Id>
            <IBAN>DE96WLOP59017518636374</IBAN>
          </Id>
        </CdtrAcct>
        <CdtrAgt>
          <FinInstnId>
            <BIC>KJKRGBI5</BIC>
          </FinInstnId>
        </CdtrAgt>
        <Purp>
          <Cd>PENS</Cd>
        </Purp>
        <RmtInf>
          <Ustrd>Kid a when dark.</Ustrd>
        </RmtInf>
      </CdtTrfTxInf>
      <CdtTrfTxInf>
        <PmtId>
          <InstrId>INSTR-28</InstrId>
          <EndToEndId>E2E-8fc67ba523</EndToEndId>
        </PmtId>
        <Amt>
          <InstdAmt Ccy="EUR">7949.04</InstdAmt>
        </Amt>
        <Cdtr>
          <Nm>Isaac Miller</Nm>
          <PstlAdr>
            <StrtNm>Brett Road</StrtNm>
            <BldgNb>80</BldgNb>
            <TwnNm>Jessicabury</TwnNm>
            <Ctry>ES</Ctry>
          </PstlAdr>
        </Cdtr>
        <CdtrAcct>
          <Id>
            <IBAN>ES37NUCW10371293870051</IBAN>
          </Id>
        </CdtrAcct>
        <CdtrAgt>
          <FinInstnId>
            <BIC>NWEPGBEO</BIC>
          </FinInstnId>
        </CdtrAgt>
        <Purp>
          <Cd>PENS</Cd>
        </Purp>
        <RmtInf>
          <Ustrd>Political quality attention none.</Ustrd>
        </RmtInf>
      </CdtTrfTxInf>
      <CdtTrfTxInf>
        <PmtId>
          <InstrId>INSTR-29</InstrId>
          <EndToEndId>E2E-dd52519dfc</EndToEndId>
        </PmtId>
        <Amt>
          <InstdAmt Ccy="EUR">2601.14</InstdAmt>
        </Amt>
        <Cdtr>
          <Nm>Brian Goodwin</Nm>
          <PstlAdr>
            <StrtNm>Bell Meadow</StrtNm>
            <BldgNb>192</BldgNb>
            <TwnNm>Kyliebury</TwnNm>
            <Ctry>DE</Ctry>
          </PstlAdr>
        </Cdtr>
        <CdtrAcct>
          <Id>
            <IBAN>DE80IUCH89994043898364</IBAN>
          </Id>
        </CdtrAcct>
        <CdtrAgt>
          <FinInstnId>
            <BIC>UBZZGBP5</BIC>
          </FinInstnId>
        </CdtrAgt>
        <Purp>
          <Cd>TAXS</Cd>
        </Purp>
        <RmtInf>
          <Ustrd>Both matter order month within would.</Ustrd>
        </RmtInf>
      </CdtTrfTxInf>
      <CdtTrfTxInf>
        <PmtId>
          <InstrId>INSTR-30</InstrId>
          <EndToEndId>E2E-4a1ca9b0ab</EndToEndId>
        </PmtId>
        <Amt>
          <InstdAmt Ccy="JPY">760077.86</InstdAmt>
        </Amt>
        <Cdtr>
          <Nm>Patricia Smith</Nm>
          <PstlAdr>
            <StrtNm>Alexander Forge</StrtNm>
            <BldgNb>138</BldgNb>
            <TwnNm>North Stacyfurt</TwnNm>
            <Ctry>GB</Ctry>
          </PstlAdr>
        </Cdtr>
        <CdtrAcct>
          <Id>
            <IBAN>GB94QJUW86661889241418</IBAN>
          </Id>
        </CdtrAcct>
        <CdtrAgt>
          <FinInstnId>
            <BIC>GZERGBUZ</BIC>
          </FinInstnId>
        </CdtrAgt>
        <Purp>
          <Cd>INTC</Cd>
        </Purp>
        <RmtInf>
          <Ustrd>Under break partner area.</Ustrd>
        </RmtInf>
      </CdtTrfTxInf>
      <CdtTrfTxInf>
        <PmtId>
          <InstrId>INSTR-31</InstrId>
          <EndToEndId>E2E-1975536b0a</EndToEndId>
        </PmtId>
        <Amt>
          <InstdAmt Ccy="CHF">1329.62</InstdAmt>
        </Amt>
        <Cdtr>
          <Nm>Kelly Logan</Nm>
          <PstlAdr>
            <StrtNm>Jackson Crossroad</StrtNm>
            <BldgNb>183</BldgNb>
            <TwnNm>Jessicaville</TwnNm>
            <Ctry>PT</Ctry>
          </PstlAdr>
        </Cdtr>
        <CdtrAcct>
          <Id>
            <IBAN>PT91YAKZ64814917785079</IBAN>
          </Id>
        </CdtrAcct>
        <CdtrAgt>
          <FinInstnId>
            <BIC>FLFIGBGH</BIC>
          </FinInstnId>
        </CdtrAgt>
        <Purp>
          <Cd>TRAD</Cd>
        </Purp>
        <RmtInf>
          <Ustrd>Scientist able teach activity animal.</Ustrd>
        </RmtInf>
      </CdtTrfTxInf>
      <CdtTrfTxInf>
        <PmtId>
          <InstrId>INSTR-32</InstrId>
          <EndToEndId>E2E-61cfe16b52</EndToEndId>
        </PmtId>
        <Amt>
          <InstdAmt Ccy="PLN">44078.55</InstdAmt>
        </Amt>
        <Cdtr>
          <Nm>Jennifer Morris</Nm>
          <PstlAdr>
            <StrtNm>Moon Island</StrtNm>
            <BldgNb>19</BldgNb>
            <TwnNm>Margaretshire</TwnNm>
            <Ctry>GB</Ctry>
          </PstlAdr>
        </Cdtr>
        <CdtrAcct>
          <Id>
            <IBAN>GB43LDQV02380617445187</IBAN>
          </Id>
        </CdtrAcct>
        <CdtrAgt>
          <FinInstnId>
            <BIC>ALGJGBTP</BIC>
          </FinInstnId>
        </CdtrAgt>
        <Purp>
          <Cd>GOVT</Cd>
        </Purp>
        <RmtInf>
          <Ustrd>According improve do get.</Ustrd>
        </RmtInf>
      </CdtTrfTxInf>
      <CdtTrfTxInf>
        <PmtId>
          <InstrId>INSTR-33</InstrId>
          <EndToEndId>E2E-7ac7fd2b10</EndToEndId>
        </PmtId>
        <Amt>
          <InstdAmt Ccy="EUR">1484.66</InstdAmt>
        </Amt>
        <Cdtr>
          <Nm>Monica Garcia</Nm>
          <PstlAdr>
            <StrtNm>Robert Circle</StrtNm>
            <BldgNb>84</BldgNb>
            <TwnNm>Lake Joshua</TwnNm>
            <Ctry>BE</Ctry>
          </PstlAdr>
        </Cdtr>
        <CdtrAcct>
          <Id>
            <IBAN>BE63BHQN57191826199062</IBAN>
          </Id>
        </CdtrAcct>
        <CdtrAgt>
          <FinInstnId>
            <BIC>HJIKGBZU</BIC>
          </FinInstnId>
        </CdtrAgt>
        <Purp>
          <Cd>TAXS</Cd>
        </Purp>
        <RmtInf>
          <Ustrd>Laugh do want carry show board.</Ustrd>
        </RmtInf>
      </CdtTrfTxInf>
      <CdtTrfTxInf>
        <PmtId>
          <InstrId>INSTR-34</InstrId>
          <EndToEndId>E2E-e59c1c2e30</EndToEndId>
        </PmtId>
        <Amt>
          <InstdAmt Ccy="USD">7369.59</InstdAmt>
        </Amt>
        <Cdtr>
          <Nm>Christine Parker</Nm>
          <PstlAdr>
            <StrtNm>Phelps Course</StrtNm>
            <BldgNb>45</BldgNb>
            <TwnNm>Port Gina</TwnNm>
            <Ctry>IT</Ctry>
          </PstlAdr>
        </Cdtr>
        <CdtrAcct>
          <Id>
            <IBAN>IT64WWTB35213568044206</IBAN>
          </Id>
        </CdtrAcct>
        <CdtrAgt>
          <FinInstnId>
            <BIC>ORXRGBPG</BIC>
          </FinInstnId>
        </CdtrAgt>
        <Purp>
          <Cd>SUPP</Cd>
        </Purp>
        <RmtInf>
          <Ustrd>Head piece popular old else spend.</Ustrd>
        </RmtInf>
      </CdtTrfTxInf>
      <CdtTrfTxInf>
        <PmtId>
          <InstrId>INSTR-35</InstrId>
          <EndToEndId>E2E-2dec4b6c8f</EndToEndId>
        </PmtId>
        <Amt>
          <InstdAmt Ccy="JPY">1403541.09</InstdAmt>
        </Amt>
        <Cdtr>
          <Nm>Anna Boone</Nm>
          <PstlAdr>
            <StrtNm>Martinez Mountain</StrtNm>
            <BldgNb>73</BldgNb>
            <TwnNm>East Sandrachester</TwnNm>
            <Ctry>NL</Ctry>
          </PstlAdr>
        </Cdtr>
        <CdtrAcct>
          <Id>
            <IBAN>NL21XMPA66253244720999</IBAN>
          </Id>
        </CdtrAcct>
        <CdtrAgt>
          <FinInstnId>
            <BIC>HUJPGB09</BIC>
          </FinInstnId>
        </CdtrAgt>
        <Purp>
          <Cd>PENS</Cd>
        </Purp>
        <RmtInf>
          <Ustrd>Shake way offer work.</Ustrd>
        </RmtInf>
      </CdtTrfTxInf>
      <CdtTrfTxInf>
        <PmtId>
          <InstrId>INSTR-36</InstrId>
          <EndToEndId>E2E-d3ff47ed79</EndToEndId>
        </PmtId>
        <Amt>
          <InstdAmt Ccy="CHF">5853.35</InstdAmt>
        </Amt>
        <Cdtr>
          <Nm>Suzanne Johnson</Nm>
          <PstlAdr>
            <StrtNm>Meza Port</StrtNm>
            <BldgNb>158</BldgNb>
            <TwnNm>New Stacy</TwnNm>
            <Ctry>IT</Ctry>
          </PstlAdr>
        </Cdtr>
        <CdtrAcct>
          <Id>
            <IBAN>IT46ZPRJ27010393087059</IBAN>
          </Id>
        </CdtrAcct>
        <CdtrAgt>
          <FinInstnId>
            <BIC>GZEKGBLU</BIC>
          </FinInstnId>
        </CdtrAgt>
        <Purp>
          <Cd>INTC</Cd>
        </Purp>
        <RmtInf>
          <Ustrd>Against only true similar.</Ustrd>
        </RmtInf>
      </CdtTrfTxInf>
      <CdtTrfTxInf>
        <PmtId>
          <InstrId>INSTR-37</InstrId>
          <EndToEndId>E2E-8cfc5101c7</EndToEndId>
        </PmtId>
        <Amt>
          <InstdAmt Ccy="USD">8713.96</InstdAmt>
        </Amt>
        <Cdtr>
          <Nm>Christopher Fry</Nm>
          <PstlAdr>
            <StrtNm>Banks Extensions</StrtNm>
            <BldgNb>155</BldgNb>
            <TwnNm>Jeffreyshire</TwnNm>
            <Ctry>ES</Ctry>
          </PstlAdr>
        </Cdtr>
        <CdtrAcct>
          <Id>
            <IBAN>ES71FMJX42209690295939</IBAN>
          </Id>
        </CdtrAcct>
        <CdtrAgt>
          <FinInstnId>
            <BIC>DPEKGBEP</BIC>
          </FinInstnId>
        </CdtrAgt>
        <Purp>
          <Cd>SUPP</Cd>
        </Purp>
        <RmtInf>
          <Ustrd>Land enter economic attack either blue.</Ustrd>
        </RmtInf>
      </CdtTrfTxInf>
      <CdtTrfTxInf>
        <PmtId>
          <InstrId>INSTR-38</InstrId>
          <EndToEndId>E2E-e8b15012c2</EndToEndId>
        </PmtId>
        <Amt>
          <InstdAmt Ccy="PLN">17854.81</InstdAmt>
        </Amt>
        <Cdtr>
          <Nm>Jason Macias</Nm>
          <PstlAdr>
            <StrtNm>Payne Courts</StrtNm>
            <BldgNb>135</BldgNb>
            <TwnNm>Kramershire</TwnNm>
            <Ctry>GB</Ctry>
          </PstlAdr>
        </Cdtr>
        <CdtrAcct>
          <Id>
            <IBAN>GB51UYVH27104054115262</IBAN>
          </Id>
        </CdtrAcct>
        <CdtrAgt>
          <FinInstnId>
            <BIC>XCRCGBV4</BIC>
          </FinInstnId>
        </CdtrAgt>
        <Purp>
          <Cd>SUPP</Cd>
        </Purp>
        <RmtInf>
          <Ustrd>Issue president parent.</Ustrd>
        </RmtInf>
      </CdtTrfTxInf>
      <CdtTrfTxInf>
        <PmtId>
          <InstrId>INSTR-39</InstrId>
          <EndToEndId>E2E-5be168cb7f</EndToEndId>
        </PmtId>
        <Amt>
          <InstdAmt Ccy="JPY">692661.85</InstdAmt>
        </Amt>
        <Cdtr>
          <Nm>Deborah Campbell</Nm>
          <PstlAdr>
            <StrtNm>Cody Lock</StrtNm>
            <BldgNb>121</BldgNb>
            <TwnNm>Hernandezstad</TwnNm>
            <Ctry>GB</Ctry>
          </PstlAdr>
        </Cdtr>
        <CdtrAcct>
          <Id>
            <IBAN>GB11ANCJ97310324171467</IBAN>
          </Id>
        </CdtrAcct>
        <CdtrAgt>
          <FinInstnId>
            <BIC>PVICGB8Y</BIC>
          </FinInstnId>
        </CdtrAgt>
        <Purp>
          <Cd>DIVD</Cd>
        </Purp>
        <RmtInf>
          <Ustrd>He high cost and.</Ustrd>
        </RmtInf>
      </CdtTrfTxInf>
      <CdtTrfTxInf>
        <PmtId>
          <InstrId>INSTR-40</InstrId>
          <EndToEndId>E2E-d04f236b09</EndToEndId>
        </PmtId>
        <Amt>
          <InstdAmt Ccy="USD">560.92</InstdAmt>
        </Amt>
        <Cdtr>
          <Nm>Gregg Weaver</Nm>
          <PstlAdr>
            <StrtNm>Angela Ville</StrtNm>
            <BldgNb>173</BldgNb>
            <TwnNm>Cardenaschester</TwnNm>
            <Ctry>FR</Ctry>
          </PstlAdr>
        </Cdtr>
        <CdtrAcct>
          <Id>
            <IBAN>FR23RVPS37416089899217</IBAN>
          </Id>
        </CdtrAcct>
        <CdtrAgt>
          <FinInstnId>
            <BIC>FFGZGBMI</BIC>
          </FinInstnId>
        </CdtrAgt>
        <Purp>
          <Cd>PENS</Cd>
        </Purp>
        <RmtInf>
          <Ustrd>Interest write itself.</Ustrd>
        </RmtInf>
      </CdtTrfTxInf>
      <CdtTrfTxInf>
        <PmtId>
          <InstrId>INSTR-41</InstrId>
          <EndToEndId>E2E-ae3633b2c5</EndToEndId>
        </PmtId>
        <Amt>
          <InstdAmt Ccy="JPY">680782.93</InstdAmt>
        </Amt>
        <Cdtr>
          <Nm>Kelly Stark</Nm>
          <PstlAdr>
            <StrtNm>Kristin Road</StrtNm>
            <BldgNb>153</BldgNb>
            <TwnNm>Rodriguezberg</TwnNm>
            <Ctry>PT</Ctry>
          </PstlAdr>
        </Cdtr>
        <CdtrAcct>
          <Id>
            <IBAN>PT54ESSS11914856467997</IBAN>
          </Id>
        </CdtrAcct>
        <CdtrAgt>
          <FinInstnId>
            <BIC>BFIMGBJZ</BIC>
          </FinInstnId>
        </CdtrAgt>
        <Purp>
          <Cd>INTC</Cd>
        </Purp>
        <RmtInf>
          <Ustrd>How these real. Second TV today.</Ustrd>
        </RmtInf>
      </CdtTrfTxInf>
      <CdtTrfTxInf>
        <PmtId>
          <InstrId>INSTR-42</InstrId>
          <EndToEndId>E2E-5c206a81fb</EndToEndId>
        </PmtId>
        <Amt>
          <InstdAmt Ccy="CHF">3029.31</InstdAmt>
        </Amt>
        <Cdtr>
          <Nm>Shannon Cohen</Nm>
          <PstlAdr>
            <StrtNm>Dennis Summit</StrtNm>
            <BldgNb>171</BldgNb>
            <TwnNm>Schroedermouth</TwnNm>
            <Ctry>ES</Ctry>
          </PstlAdr>
        </Cdtr>
        <CdtrAcct>
          <Id>
            <IBAN>ES60IXNT13736785082148</IBAN>
          </Id>
        </CdtrAcct>
        <CdtrAgt>
          <FinInstnId>
            <BIC>MEYQGBBL</BIC>
          </FinInstnId>
        </CdtrAgt>
        <Purp>
          <Cd>TAXS</Cd>
        </Purp>
        <RmtInf>
          <Ustrd>Relate ever statement measure play buy.</Ustrd>
        </RmtInf>
      </CdtTrfTxInf>
      <CdtTrfTxInf>
        <PmtId>
          <InstrId>INSTR-43</InstrId>
          <EndToEndId>E2E-5ac27c591e</EndToEndId>
        </PmtId>
        <Amt>
          <InstdAmt Ccy="GBP">2953.21</InstdAmt>
        </Amt>
        <Cdtr>
          <Nm>Karen Arnold</Nm>
          <PstlAdr>
            <StrtNm>Martin Green</StrtNm>
            <BldgNb>157</BldgNb>
            <TwnNm>West Anthonyton</TwnNm>
            <Ctry>DE</Ctry>
          </PstlAdr>
        </Cdtr>
        <CdtrAcct>
          <Id>
            <IBAN>DE60FSYG33346800722903</IBAN>
          </Id>
        </CdtrAcct>
        <CdtrAgt>
          <FinInstnId>
            <BIC>ITZJGBR1</BIC>
          </FinInstnId>
        </CdtrAgt>
        <Purp>
          <Cd>DIVD</Cd>
        </Purp>
        <RmtInf>
          <Ustrd>Loss from everybody foot.</Ustrd>
        </RmtInf>
      </CdtTrfTxInf>
      <CdtTrfTxInf>
        <PmtId>
          <InstrId>INSTR-44</InstrId>
          <EndToEndId>E2E-f13cbc9f5b</EndToEndId>
        </PmtId>
        <Amt>
          <InstdAmt Ccy="PLN">22911.69</InstdAmt>
        </Amt>
        <Cdtr>
          <Nm>Stephanie Trujillo</Nm>
          <PstlAdr>
            <StrtNm>Guerrero Springs</StrtNm>
            <BldgNb>143</BldgNb>
            <TwnNm>Lake Anthony</TwnNm>
            <Ctry>PT</Ctry>
          </PstlAdr>
        </Cdtr>
        <CdtrAcct>
          <Id>
            <IBAN>PT55PJIN66099353875842</IBAN>
          </Id>
        </CdtrAcct>
        <CdtrAgt>
          <FinInstnId>
            <BIC>VRFJGBG4</BIC>
          </FinInstnId>
        </CdtrAgt>
        <Purp>
          <Cd>INTC</Cd>
        </Purp>
        <RmtInf>
          <Ustrd>Scientist rise next tree.</Ustrd>
        </RmtInf>
      </CdtTrfTxInf>
      <CdtTrfTxInf>
        <PmtId>
          <InstrId>INSTR-45</InstrId>
          <EndToEndId>E2E-8061f1eaa5</EndToEndId>
        </PmtId>
        <Amt>
          <InstdAmt Ccy="JPY">833263.48</InstdAmt>
        </Amt>
        <Cdtr>
          <Nm>Kevin Ford</Nm>
          <PstlAdr>
            <StrtNm>Thomas Way</StrtNm>
            <BldgNb>54</BldgNb>
            <TwnNm>South Pamelahaven</TwnNm>
            <Ctry>BE</Ctry>
          </PstlAdr>
        </Cdtr>
        <CdtrAcct>
          <Id>
            <IBAN>BE79DVMQ46022356972521</IBAN>
          </Id>
        </CdtrAcct>
        <CdtrAgt>
          <FinInstnId>
            <BIC>PKUFGBUD</BIC>
          </FinInstnId>
        </CdtrAgt>
        <Purp>
          <Cd>TRAD</Cd>
        </Purp>
        <RmtInf>
          <Ustrd>Later decide similar.</Ustrd>
        </RmtInf>
      </CdtTrfTxInf>
      <CdtTrfTxInf>
        <PmtId>
          <InstrId>INSTR-46</InstrId>
          <EndToEndId>E2E-46ef072b5b</EndToEndId>
        </PmtId>
        <Amt>
          <InstdAmt Ccy="USD">2263.62</InstdAmt>
        </Amt>
        <Cdtr>
          <Nm>Janet Johnson</Nm>
          <PstlAdr>
            <StrtNm>Jessica Bridge</StrtNm>
            <BldgNb>95</BldgNb>
            <TwnNm>Katherinehaven</TwnNm>
            <Ctry>PT</Ctry>
          </PstlAdr>
        </Cdtr>
        <CdtrAcct>
          <Id>
            <IBAN>PT99GAVA33542168942104</IBAN>
          </Id>
        </CdtrAcct>
        <CdtrAgt>
          <FinInstnId>
            <BIC>JOXQGB7V</BIC>
          </FinInstnId>
        </CdtrAgt>
        <Purp>
          <Cd>GOVT</Cd>
        </Purp>
        <RmtInf>
          <Ustrd>Thousand yet garden top grow could.</Ustrd>
        </RmtInf>
      </CdtTrfTxInf>
      <CdtTrfTxInf>
        <PmtId>
          <InstrId>INSTR-47</InstrId>
          <EndToEndId>E2E-74fd4557df</EndToEndId>
        </PmtId>
        <Amt>
          <InstdAmt Ccy="CHF">4412.00</InstdAmt>
        </Amt>
        <Cdtr>
          <Nm>Michael Conner</Nm>
          <PstlAdr>
            <StrtNm>Mcdowell Glens</StrtNm>
            <BldgNb>189</BldgNb>
            <TwnNm>New Virginiaville</TwnNm>
            <Ctry>BE</Ctry>
          </PstlAdr>
        </Cdtr>
        <CdtrAcct>
          <Id>
            <IBAN>BE17UABW16761847230461</IBAN>
          </Id>
        </CdtrAcct>
        <CdtrAgt>
          <FinInstnId>
            <BIC>VQITGBI0</BIC>
          </FinInstnId>
        </CdtrAgt>
        <Purp>
          <Cd>SUPP</Cd>
        </Purp>
        <RmtInf>
          <Ustrd>Memory pay executive size.</Ustrd>
        </RmtInf>
      </CdtTrfTxInf>
      <CdtTrfTxInf>
        <PmtId>
          <InstrId>INSTR-48</InstrId>
          <EndToEndId>E2E-2049d6feaf</EndToEndId>
        </PmtId>
        <Amt>
          <InstdAmt Ccy="JPY">1553770.65</InstdAmt>
        </Amt>
        <Cdtr>
          <Nm>Jon Clark</Nm>
          <PstlAdr>
            <StrtNm>Rivera Alley</StrtNm>
            <BldgNb>64</BldgNb>
            <TwnNm>Lake Christopherville</TwnNm>
            <Ctry>PT</Ctry>
          </PstlAdr>
        </Cdtr>
        <CdtrAcct>
          <Id>
            <IBAN>PT50SVPE18114374470120</IBAN>
          </Id>
        </CdtrAcct>
        <CdtrAgt>
          <FinInstnId>
            <BIC>JLZVGBU1</BIC>
          </FinInstnId>
        </CdtrAgt>
        <Purp>
          <Cd>SUPP</Cd>
        </Purp>
        <RmtInf>
          <Ustrd>Believe serve animal system.</Ustrd>
        </RmtInf>
      </CdtTrfTxInf>
      <CdtTrfTxInf>
        <PmtId>
          <InstrId>INSTR-49</InstrId>
          <EndToEndId>E2E-7598209249</EndToEndId>
        </PmtId>
        <Amt>
          <InstdAmt Ccy="USD">3673.82</InstdAmt>
        </Amt>
        <Cdtr>
          <Nm>Jacqueline Cooper</Nm>
          <PstlAdr>
            <StrtNm>Richard Motorway</StrtNm>
            <BldgNb>190</BldgNb>
            <TwnNm>Maryfort</TwnNm>
            <Ctry>GB</Ctry>
          </PstlAdr>
        </Cdtr>
        <CdtrAcct>
          <Id>
            <IBAN>GB95ZNUZ21202169797296</IBAN>
          </Id>
        </CdtrAcct>
        <CdtrAgt>
          <FinInstnId>
            <BIC>YLTAGBI4</BIC>
          </FinInstnId>
        </CdtrAgt>
        <Purp>
          <Cd>DIVD</Cd>
        </Purp>
        <RmtInf>
          <Ustrd>Product eat generation put his stuff.</Ustrd>
        </RmtInf>
      </CdtTrfTxInf>
      <CdtTrfTxInf>
        <PmtId>
          <InstrId>INSTR-50</InstrId>
          <EndToEndId>E2E-6894bcf87a</EndToEndId>
        </PmtId>
        <Amt>
          <InstdAmt Ccy="PLN">34984.76</InstdAmt>
        </Amt>
        <Cdtr>
          <Nm>Paul Flores</Nm>
          <PstlAdr>
            <StrtNm>Cordova Causeway</StrtNm>
            <BldgNb>192</BldgNb>
            <TwnNm>New Dawn</TwnNm>
            <Ctry>ES</Ctry>
          </PstlAdr>
        </Cdtr>
        <CdtrAcct>
          <Id>
            <IBAN>ES30MHCO79717751701660</IBAN>
          </Id>
        </CdtrAcct>
        <CdtrAgt>
          <FinInstnId>
            <BIC>RRACGBT6</BIC>
          </FinInstnId>
        </CdtrAgt>
        <Purp>
          <Cd>PENS</Cd>
        </Purp>
        <RmtInf>
          <Ustrd>Game stop who.</Ustrd>
        </RmtInf>
      </CdtTrfTxInf>
      <CdtTrfTxInf>
        <PmtId>
          <InstrId>INSTR-51</InstrId>
          <EndToEndId>E2E-476a236a32</EndToEndId>
        </PmtId>
        <Amt>
          <InstdAmt Ccy="EUR">1477.59</InstdAmt>
        </Amt>
        <Cdtr>
          <Nm>Natalie Ortiz</Nm>
          <PstlAdr>
            <StrtNm>Carr Field</StrtNm>
            <BldgNb>115</BldgNb>
            <TwnNm>Port Philipmouth</TwnNm>
            <Ctry>BE</Ctry>
          </PstlAdr>
        </Cdtr>
        <CdtrAcct>
          <Id>
            <IBAN>BE28ZGWK16091779827080</IBAN>
          </Id>
        </CdtrAcct>
        <CdtrAgt>
          <FinInstnId>
            <BIC>RNSPGB6L</BIC>
          </FinInstnId>
        </CdtrAgt>
        <Purp>
          <Cd>DIVD</Cd>
        </Purp>
        <RmtInf>
          <Ustrd>Report set no old wall report.</Ustrd>
        </RmtInf>
      </CdtTrfTxInf>
      <CdtTrfTxInf>
        <PmtId>
          <InstrId>INSTR-52</InstrId>
          <EndToEndId>E2E-be351f3b01</EndToEndId>
        </PmtId>
        <Amt>
          <InstdAmt Ccy="USD">1219.10</InstdAmt>
        </Amt>
        <Cdtr>
          <Nm>Paul Martin</Nm>
          <PstlAdr>
            <StrtNm>Vega Drive</StrtNm>
            <BldgNb>157</BldgNb>
            <TwnNm>Lake Kristenborough</TwnNm>
            <Ctry>PL</Ctry>
          </PstlAdr>
        </Cdtr>
        <CdtrAcct>
          <Id>
            <IBAN>PL73YRBL71983863840666</IBAN>
          </Id>
        </CdtrAcct>
        <CdtrAgt>
          <FinInstnId>
            <BIC>ZVKRGBDA</BIC>
          </FinInstnId>
        </CdtrAgt>
        <Purp>
          <Cd>TAXS</Cd>
        </Purp>
        <RmtInf>
          <Ustrd>Data than team kitchen difficult.</Ustrd>
        </RmtInf>
      </CdtTrfTxInf>
      <CdtTrfTxInf>
        <PmtId>
          <InstrId>INSTR-53</InstrId>
          <EndToEndId>E2E-da8c556720</EndToEndId>
        </PmtId>
        <Amt>
          <InstdAmt Ccy="CHF">1612.01</InstdAmt>
        </Amt>
        <Cdtr>
          <Nm>Michael Lopez</Nm>
          <PstlAdr>
            <StrtNm>Jill Crest</StrtNm>
            <BldgNb>177</BldgNb>
            <TwnNm>Williamsview</TwnNm>
            <Ctry>IT</Ctry>
          </PstlAdr>
        </Cdtr>
        <CdtrAcct>
          <Id>
            <IBAN>IT60RIEF94057202590947</IBAN>
          </Id>
        </CdtrAcct>
        <CdtrAgt>
          <FinInstnId>
            <BIC>ZSRLGBEU</BIC>
          </FinInstnId>
        </CdtrAgt>
        <Purp>
          <Cd>SALA</Cd>
        </Purp>
        <RmtInf>
          <Ustrd>Third professional former family wear.</Ustrd>
        </RmtInf>
      </CdtTrfTxInf>
      <CdtTrfTxInf>
        <PmtId>
          <InstrId>INSTR-54</InstrId>
          <EndToEndId>E2E-ba6d571be8</EndToEndId>
        </PmtId>
        <Amt>
          <InstdAmt Ccy="JPY">638358.93</InstdAmt>
        </Amt>
        <Cdtr>
          <Nm>Lisa Haley</Nm>
          <PstlAdr>
            <StrtNm>James Underpass</StrtNm>
            <BldgNb>94</BldgNb>
            <TwnNm>South Jonathanport</TwnNm>
            <Ctry>BE</Ctry>
          </PstlAdr>
        </Cdtr>
        <CdtrAcct>
          <Id>
            <IBAN>BE25AQYL88770435811288</IBAN>
          </Id>
        </CdtrAcct>
        <CdtrAgt>
          <FinInstnId>
            <BIC>AUCGGBN1</BIC>
          </FinInstnId>
        </CdtrAgt>
        <Purp>
          <Cd>PENS</Cd>
        </Purp>
        <RmtInf>
          <Ustrd>Day stock these scientist.</Ustrd>
        </RmtInf>
      </CdtTrfTxInf>
      <CdtTrfTxInf>
        <PmtId>
          <InstrId>INSTR-55</InstrId>
          <EndToEndId>E2E-9cd4a0b877</EndToEndId>
        </PmtId>
        <Amt>
          <InstdAmt Ccy="CHF">3444.16</InstdAmt>
        </Amt>
        <Cdtr>
          <Nm>Anthony Bauer</Nm>
          <PstlAdr>
            <StrtNm>Bailey Forks</StrtNm>
            <BldgNb>199</BldgNb>
            <TwnNm>Rickeymouth</TwnNm>
            <Ctry>FR</Ctry>
          </PstlAdr>
        </Cdtr>
        <CdtrAcct>
          <Id>
            <IBAN>FR93UMNK06180919015814</IBAN>
          </Id>
        </CdtrAcct>
        <CdtrAgt>
          <FinInstnId>
            <BIC>ZVJTGBFS</BIC>
          </FinInstnId>
        </CdtrAgt>
        <Purp>
          <Cd>GOVT</Cd>
        </Purp>
        <RmtInf>
          <Ustrd>High state air choose detail section.</Ustrd>
        </RmtInf>
      </CdtTrfTxInf>
      <CdtTrfTxInf>
        <PmtId>
          <InstrId>INSTR-56</InstrId>
          <EndToEndId>E2E-15d35dcc31</EndToEndId>
        </PmtId>
        <Amt>
          <InstdAmt Ccy="GBP">7414.96</InstdAmt>
        </Amt>
        <Cdtr>
          <Nm>Alexandra Baxter</Nm>
          <PstlAdr>
            <StrtNm>David Avenue</StrtNm>
            <BldgNb>15</BldgNb>
            <TwnNm>Medinaland</TwnNm>
            <Ctry>PT</Ctry>
          </PstlAdr>
        </Cdtr>
        <CdtrAcct>
          <Id>
            <IBAN>PT11JGXX53682223943129</IBAN>
          </Id>
        </CdtrAcct>
        <CdtrAgt>
          <FinInstnId>
            <BIC>BYROGB9E</BIC>
          </FinInstnId>
        </CdtrAgt>
        <Purp>
          <Cd>SUPP</Cd>
        </Purp>
        <RmtInf>
          <Ustrd>Public economy culture oil week.</Ustrd>
        </RmtInf>
      </CdtTrfTxInf>
      <CdtTrfTxInf>
        <PmtId>
          <InstrId>INSTR-57</InstrId>
          <EndToEndId>E2E-49346c4bc6</EndToEndId>
        </PmtId>
        <Amt>
          <InstdAmt Ccy="USD">10687.72</InstdAmt>
        </Amt>
        <Cdtr>
          <Nm>Luis Torres</Nm>
          <PstlAdr>
            <StrtNm>Ariana Lakes</StrtNm>
            <BldgNb>137</BldgNb>
            <TwnNm>Susanburgh</TwnNm>
            <Ctry>FR</Ctry>
          </PstlAdr>
        </Cdtr>
        <CdtrAcct>
          <Id>
            <IBAN>FR99AKHZ36452577754781</IBAN>
          </Id>
        </CdtrAcct>
        <CdtrAgt>
          <FinInstnId>
            <BIC>FUTCGBRI</BIC>
          </FinInstnId>
        </CdtrAgt>
        <Purp>
          <Cd>GOVT</Cd>
        </Purp>
        <RmtInf>
          <Ustrd>Hand development sign run.</Ustrd>
        </RmtInf>
      </CdtTrfTxInf>
      <CdtTrfTxInf>
        <PmtId>
          <InstrId>INSTR-58</InstrId>
          <EndToEndId>E2E-b5663c7b4f</EndToEndId>
        </PmtId>
        <Amt>
          <InstdAmt Ccy="PLN">31260.35</InstdAmt>
        </Amt>
        <Cdtr>
          <Nm>Victor Holden</Nm>
          <PstlAdr>
            <StrtNm>Katherine Dam</StrtNm>
            <BldgNb>125</BldgNb>
            <TwnNm>Mooreshire</TwnNm>
            <Ctry>GB</Ctry>
          </PstlAdr>
        </Cdtr>
        <CdtrAcct>
          <Id>
            <IBAN>GB65SVEX75037314530385</IBAN>
          </Id>
        </CdtrAcct>
        <CdtrAgt>
          <FinInstnId>
            <BIC>MPOBGBCU</BIC>
          </FinInstnId>
        </CdtrAgt>
        <Purp>
          <Cd>SUPP</Cd>
        </Purp>
        <RmtInf>
          <Ustrd>Region miss stop strong.</Ustrd>
        </RmtInf>
      </CdtTrfTxInf>
      <CdtTrfTxInf>
        <PmtId>
          <InstrId>INSTR-59</InstrId>
          <EndToEndId>E2E-91b7d2958a</EndToEndId>
        </PmtId>
        <Amt>
          <InstdAmt Ccy="USD">3303.79</InstdAmt>
        </Amt>
        <Cdtr>
          <Nm>Angela King</Nm>
          <PstlAdr>
            <StrtNm>Zachary Knoll</StrtNm>
            <BldgNb>51</BldgNb>
            <TwnNm>Tommyfort</TwnNm>
            <Ctry>PT</Ctry>
          </PstlAdr>
        </Cdtr>
        <CdtrAcct>
          <Id>
            <IBAN>PT71TAQE72318432225913</IBAN>
          </Id>
        </CdtrAcct>
        <CdtrAgt>
          <FinInstnId>
            <BIC>NZKXGBH4</BIC>
          </FinInstnId>
        </CdtrAgt>
        <Purp>
          <Cd>DIVD</Cd>
        </Purp>
        <RmtInf>
          <Ustrd>Picture always occur argue.</Ustrd>
        </RmtInf>
      </CdtTrfTxInf>
      <CdtTrfTxInf>
        <PmtId>
          <InstrId>INSTR-60</InstrId>
          <EndToEndId>E2E-5dd0e8881a</EndToEndId>
        </PmtId>
        <Amt>
          <InstdAmt Ccy="GBP">6557.93</InstdAmt>
        </Amt>
        <Cdtr>
          <Nm>Monica Nicholson</Nm>
          <PstlAdr>
            <StrtNm>Jay Rest</StrtNm>
            <BldgNb>185</BldgNb>
            <TwnNm>Dillonburgh</TwnNm>
            <Ctry>FR</Ctry>
          </PstlAdr>
        </Cdtr>
        <CdtrAcct>
          <Id>
            <IBAN>FR87HNTE92984257991366</IBAN>
          </Id>
        </CdtrAcct>
        <CdtrAgt>
          <FinInstnId>
            <BIC>EDAGGB76</BIC>
          </FinInstnId>
        </CdtrAgt>
        <Purp>
          <Cd>PENS</Cd>
        </Purp>
        <RmtInf>
          <Ustrd>Local discussion teacher exist theory.</Ustrd>
        </RmtInf>
      </CdtTrfTxInf>
      <CdtTrfTxInf>
        <PmtId>
          <InstrId>INSTR-61</InstrId>
          <EndToEndId>E2E-61a6033c6e</EndToEndId>
        </PmtId>
        <Amt>
          <InstdAmt Ccy="GBP">6287.55</InstdAmt>
        </Amt>
        <Cdtr>
          <Nm>Daniel Brock</Nm>
          <PstlAdr>
            <StrtNm>Cox Drives</StrtNm>
            <BldgNb>118</BldgNb>
            <TwnNm>Pearsonview</TwnNm>
            <Ctry>BE</Ctry>
          </PstlAdr>
        </Cdtr>
        <CdtrAcct>
          <Id>
            <IBAN>BE35IRNS59463688725887</IBAN>
          </Id>
        </CdtrAcct>
        <CdtrAgt>
          <FinInstnId>
            <BIC>IJSLGBZI</BIC>
          </FinInstnId>
        </CdtrAgt>
        <Purp>
          <Cd>TAXS</Cd>
        </Purp>
        <RmtInf>
          <Ustrd>Security land record class.</Ustrd>
        </RmtInf>
      </CdtTrfTxInf>
      <CdtTrfTxInf>
        <PmtId>
          <InstrId>INSTR-62</InstrId>
          <EndToEndId>E2E-fa5565eacc</EndToEndId>
        </PmtId>
        <Amt>
          <InstdAmt Ccy="GBP">1169.58</InstdAmt>
        </Amt>
        <Cdtr>
          <Nm>James Fields</Nm>
          <PstlAdr>
            <StrtNm>Madeline Mountains</StrtNm>
            <BldgNb>94</BldgNb>
            <TwnNm>Davisview</TwnNm>
            <Ctry>GB</Ctry>
          </PstlAdr>
        </Cdtr>
        <CdtrAcct>
          <Id>
            <IBAN>GB96HLCT06698490277038</IBAN>
          </Id>
        </CdtrAcct>
        <CdtrAgt>
          <FinInstnId>
            <BIC>JGBZGB67</BIC>
          </FinInstnId>
        </CdtrAgt>
        <Purp>
          <Cd>SALA</Cd>
        </Purp>
        <RmtInf>
          <Ustrd>Past purpose growth pretty wish.</Ustrd>
        </RmtInf>
      </CdtTrfTxInf>
      <CdtTrfTxInf>
        <PmtId>
          <InstrId>INSTR-63</InstrId>
          <EndToEndId>E2E-cba906928a</EndToEndId>
        </PmtId>
        <Amt>
          <InstdAmt Ccy="JPY">579241.15</InstdAmt>
        </Amt>
        <Cdtr>
          <Nm>Kelly Mclaughlin</Nm>
          <PstlAdr>
            <StrtNm>Samantha Plaza</StrtNm>
            <BldgNb>91</BldgNb>
            <TwnNm>Jessicaside</TwnNm>
            <Ctry>FR</Ctry>
          </PstlAdr>
        </Cdtr>
        <CdtrAcct>
          <Id>
            <IBAN>FR75SLLI39376904268181</IBAN>
          </Id>
        </CdtrAcct>
        <CdtrAgt>
          <FinInstnId>
            <BIC>QJKDGB6Q</BIC>
          </FinInstnId>
        </CdtrAgt>
        <Purp>
          <Cd>SUPP</Cd>
        </Purp>
        <RmtInf>
          <Ustrd>Quality discover firm western might.</Ustrd>
        </RmtInf>
      </CdtTrfTxInf>
      <CdtTrfTxInf>
        <PmtId>
          <InstrId>INSTR-64</InstrId>
          <EndToEndId>E2E-d8bd044222</EndToEndId>
        </PmtId>
        <Amt>
          <InstdAmt Ccy="JPY">68888.99</InstdAmt>
        </Amt>
        <Cdtr>
          <Nm>Paul Peterson</Nm>
          <PstlAdr>
            <StrtNm>Thomas Knoll</StrtNm>
            <BldgNb>185</BldgNb>
            <TwnNm>New Joseph</TwnNm>
            <Ctry>FR</Ctry>
          </PstlAdr>
        </Cdtr>
        <CdtrAcct>
          <Id>
            <IBAN>FR82XVGP33343333952111</IBAN>
          </Id>
        </CdtrAcct>
        <CdtrAgt>
          <FinInstnId>
            <BIC>VVPTGBA8</BIC>
          </FinInstnId>
        </CdtrAgt>
        <Purp>
          <Cd>DIVD</Cd>
        </Purp>
        <RmtInf>
          <Ustrd>Summer he firm.</Ustrd>
        </RmtInf>
      </CdtTrfTxInf>
      <CdtTrfTxInf>
        <PmtId>
          <InstrId>INSTR-65</InstrId>
          <EndToEndId>E2E-11c47f0c7a</EndToEndId>
        </PmtId>
        <Amt>
          <InstdAmt Ccy="GBP">436.62</InstdAmt>
        </Amt>
        <Cdtr>
          <Nm>Robert Mendoza</Nm>
          <PstlAdr>
            <StrtNm>Wayne Lock</StrtNm>
            <BldgNb>53</BldgNb>
            <TwnNm>South Tiffany</TwnNm>
            <Ctry>DE</Ctry>
          </PstlAdr>
        </Cdtr>
        <CdtrAcct>
          <Id>
            <IBAN>DE68WQOK00369155942843</IBAN>
          </Id>
        </CdtrAcct>
        <CdtrAgt>
          <FinInstnId>
            <BIC>IPTKGBXL</BIC>
          </FinInstnId>
        </CdtrAgt>
        <Purp>
          <Cd>SALA</Cd>
        </Purp>
        <RmtInf>
          <Ustrd>List act instead care.</Ustrd>
        </RmtInf>
      </CdtTrfTxInf>
      <CdtTrfTxInf>
        <PmtId>
          <InstrId>INSTR-66</InstrId>
          <EndToEndId>E2E-643bfd25d2</EndToEndId>
        </PmtId>
        <Amt>
          <InstdAmt Ccy="JPY">223958.25</InstdAmt>
        </Amt>
        <Cdtr>
          <Nm>Robert Woods</Nm>
          <PstlAdr>
            <StrtNm>Shannon Isle</StrtNm>
            <BldgNb>59</BldgNb>
            <TwnNm>Michaelside</TwnNm>
            <Ctry>PT</Ctry>
          </PstlAdr>
        </Cdtr>
        <CdtrAcct>
          <Id>
            <IBAN>PT41RZIL06159399824558</IBAN>
          </Id>
        </CdtrAcct>
        <CdtrAgt>
          <FinInstnId>
            <BIC>PYXOGBFY</BIC>
          </FinInstnId>
        </CdtrAgt>
        <Purp>
          <Cd>TAXS</Cd>
        </Purp>
        <RmtInf>
          <Ustrd>Bad gas finish president.</Ustrd>
        </RmtInf>
      </CdtTrfTxInf>
      <CdtTrfTxInf>
        <PmtId>
          <InstrId>INSTR-67</InstrId>
          <EndToEndId>E2E-877a37eb20</EndToEndId>
        </PmtId>
        <Amt>
          <InstdAmt Ccy="GBP">3359.17</InstdAmt>
        </Amt>
        <Cdtr>
          <Nm>Kelly Cole</Nm>
          <PstlAdr>
            <StrtNm>Ivan Brooks</StrtNm>
            <BldgNb>77</BldgNb>
            <TwnNm>Lake Jimmy</TwnNm>
            <Ctry>DE</Ctry>
          </PstlAdr>
        </Cdtr>
        <CdtrAcct>
          <Id>
            <IBAN>DE18IXWX13261117800681</IBAN>
          </Id>
        </CdtrAcct>
        <CdtrAgt>
          <FinInstnId>
            <BIC>DITEGBFY</BIC>
          </FinInstnId>
        </CdtrAgt>
        <Purp>
          <Cd>INTC</Cd>
        </Purp>
        <RmtInf>
          <Ustrd>Director scene kitchen call money.</Ustrd>
        </RmtInf>
      </CdtTrfTxInf>
      <CdtTrfTxInf>
        <PmtId>
          <InstrId>INSTR-68</InstrId>
          <EndToEndId>E2E-98e0824605</EndToEndId>
        </PmtId>
        <Amt>
          <InstdAmt Ccy="EUR">3432.37</InstdAmt>
        </Amt>
        <Cdtr>
          <Nm>William Fernandez</Nm>
          <PstlAdr>
            <StrtNm>Dunn Dale</StrtNm>
            <BldgNb>56</BldgNb>
            <TwnNm>New Carla</TwnNm>
            <Ctry>IT</Ctry>
          </PstlAdr>
        </Cdtr>
        <CdtrAcct>
          <Id>
            <IBAN>IT82UXUS68845783174564</IBAN>
          </Id>
        </CdtrAcct>
        <CdtrAgt>
          <FinInstnId>
            <BIC>EJAAGB7I</BIC>
          </FinInstnId>
        </CdtrAgt>
        <Purp>
          <Cd>INTC</Cd>
        </Purp>
        <RmtInf>
          <Ustrd>House clear say hope her enjoy.</Ustrd>
        </RmtInf>
      </CdtTrfTxInf>
      <CdtTrfTxInf>
        <PmtId>
          <InstrId>INSTR-69</InstrId>
          <EndToEndId>E2E-4fa53d7fc8</EndToEndId>
        </PmtId>
        <Amt>
          <InstdAmt Ccy="USD">10162.17</InstdAmt>
        </Amt>
        <Cdtr>
          <Nm>Kim Adams</Nm>
          <PstlAdr>
            <StrtNm>Melissa Falls</StrtNm>
            <BldgNb>65</BldgNb>
            <TwnNm>West Daniel</TwnNm>
            <Ctry>PL</Ctry>
          </PstlAdr>
        </Cdtr>
        <CdtrAcct>
          <Id>
            <IBAN>PL61OTOI97350208021442</IBAN>
          </Id>
        </CdtrAcct>
        <CdtrAgt>
          <FinInstnId>
            <BIC>WOXAGBOF</BIC>
          </FinInstnId>
        </CdtrAgt>
        <Purp>
          <Cd>DIVD</Cd>
        </Purp>
        <RmtInf>
          <Ustrd>Address describe inside size.</Ustrd>
        </RmtInf>
      </CdtTrfTxInf>
      <CdtTrfTxInf>
        <PmtId>
          <InstrId>INSTR-70</InstrId>
          <EndToEndId>E2E-67cce78921</EndToEndId>
        </PmtId>
        <Amt>
          <InstdAmt Ccy="JPY">305550.39</InstdAmt>
        </Amt>
        <Cdtr>
          <Nm>Andrea Harrison</Nm>
          <PstlAdr>
            <StrtNm>Paula Glen</StrtNm>
            <BldgNb>121</BldgNb>
            <TwnNm>Claytonville</TwnNm>
            <Ctry>PT</Ctry>
          </PstlAdr>
        </Cdtr>
        <CdtrAcct>
          <Id>
            <IBAN>PT89YWHM73037183764520</IBAN>
          </Id>
        </CdtrAcct>
        <CdtrAgt>
          <FinInstnId>
            <BIC>XRQDGBQ4</BIC>
          </FinInstnId>
        </CdtrAgt>
        <Purp>
          <Cd>DIVD</Cd>
        </Purp>
        <RmtInf>
          <Ustrd>Cup thought tell design both.</Ustrd>
        </RmtInf>
      </CdtTrfTxInf>
      <CdtTrfTxInf>
        <PmtId>
          <InstrId>INSTR-71</InstrId>
          <EndToEndId>E2E-1289356242</EndToEndId>
        </PmtId>
        <Amt>
          <InstdAmt Ccy="JPY">346609.04</InstdAmt>
        </Amt>
        <Cdtr>
          <Nm>Richard Alvarez</Nm>
          <PstlAdr>
            <StrtNm>Nathan Corners</StrtNm>
            <BldgNb>86</BldgNb>
            <TwnNm>East Vincent</TwnNm>
            <Ctry>PT</Ctry>
          </PstlAdr>
        </Cdtr>
        <CdtrAcct>
          <Id>
            <IBAN>PT16VTKY00528127358573</IBAN>
          </Id>
        </CdtrAcct>
        <CdtrAgt>
          <FinInstnId>
            <BIC>AWMLGBIQ</BIC>
          </FinInstnId>
        </CdtrAgt>
        <Purp>
          <Cd>SUPP</Cd>
        </Purp>
        <RmtInf>
          <Ustrd>Magazine join far.</Ustrd>
        </RmtInf>
      </CdtTrfTxInf>
      <CdtTrfTxInf>
        <PmtId>
          <InstrId>INSTR-72</InstrId>
          <EndToEndId>E2E-6957c56ecc</EndToEndId>
        </PmtId>
        <Amt>
          <InstdAmt Ccy="JPY">1100324.64</InstdAmt>
        </Amt>
        <Cdtr>
          <Nm>Andrea Moore</Nm>
          <PstlAdr>
            <StrtNm>Weiss Plains</StrtNm>
            <BldgNb>79</BldgNb>
            <TwnNm>Shawnhaven</TwnNm>
            <Ctry>BE</Ctry>
          </PstlAdr>
        </Cdtr>
        <CdtrAcct>
          <Id>
            <IBAN>BE86MXFA95935186387829</IBAN>
          </Id>
        </CdtrAcct>
        <CdtrAgt>
          <FinInstnId>
            <BIC>JKNUGBUH</BIC>
          </FinInstnId>
        </CdtrAgt>
        <Purp>
          <Cd>INTC</Cd>
        </Purp>
        <RmtInf>
          <Ustrd>Model at strong candidate.</Ustrd>
        </RmtInf>
      </CdtTrfTxInf>
      <CdtTrfTxInf>
        <PmtId>
          <InstrId>INSTR-73</InstrId>
          <EndToEndId>E2E-ab379a14ce</EndToEndId>
        </PmtId>
        <Amt>
          <InstdAmt Ccy="GBP">1396.50</InstdAmt>
        </Amt>
        <Cdtr>
          <Nm>Sara Barrett</Nm>
          <PstlAdr>
            <StrtNm>Williams Forges</StrtNm>
            <BldgNb>115</BldgNb>
            <TwnNm>North Sarahborough</TwnNm>
            <Ctry>GB</Ctry>
          </PstlAdr>
        </Cdtr>
        <CdtrAcct>
          <Id>
            <IBAN>GB12UPCO05865094801413</IBAN>
          </Id>
        </CdtrAcct>
        <CdtrAgt>
          <FinInstnId>
            <BIC>QDDXGBO8</BIC>
          </FinInstnId>
        </CdtrAgt>
        <Purp>
          <Cd>GOVT</Cd>
        </Purp>
        <RmtInf>
          <Ustrd>Coach Congress husband front.</Ustrd>
        </RmtInf>
      </CdtTrfTxInf>
      <CdtTrfTxInf>
        <PmtId>
          <InstrId>INSTR-74</InstrId>
          <EndToEndId>E2E-242bd56549</EndToEndId>
        </PmtId>
        <Amt>
          <InstdAmt Ccy="PLN">26680.75</InstdAmt>
        </Amt>
        <Cdtr>
          <Nm>Yesenia Kirk</Nm>
          <PstlAdr>
            <StrtNm>Duran Meadows</StrtNm>
            <BldgNb>100</BldgNb>
            <TwnNm>Charleneshire</TwnNm>
            <Ctry>IT</Ctry>
          </PstlAdr>
        </Cdtr>
        <CdtrAcct>
          <Id>
            <IBAN>IT54RGMY84577600490824</IBAN>
          </Id>
        </CdtrAcct>
        <CdtrAgt>
          <FinInstnId>
            <BIC>AJHGGBUB</BIC>
          </FinInstnId>
        </CdtrAgt>
        <Purp>
          <Cd>SUPP</Cd>
        </Purp>
        <RmtInf>
          <Ustrd>Try memory number occur behind.</Ustrd>
        </RmtInf>
      </CdtTrfTxInf>
      <CdtTrfTxInf>
        <PmtId>
          <InstrId>INSTR-75</InstrId>
          <EndToEndId>E2E-d5bb0f06e8</EndToEndId>
        </PmtId>
        <Amt>
          <InstdAmt Ccy="CAD">10011.06</InstdAmt>
        </Amt>
        <Cdtr>
          <Nm>Thomas Navarro</Nm>
          <PstlAdr>
            <StrtNm>Mcguire Extensions</StrtNm>
            <BldgNb>135</BldgNb>
            <TwnNm>Petersenshire</TwnNm>
            <Ctry>PL</Ctry>
          </PstlAdr>
        </Cdtr>
        <CdtrAcct>
          <Id>
            <IBAN>PL82DTUJ09610556613906</IBAN>
          </Id>
        </CdtrAcct>
        <CdtrAgt>
          <FinInstnId>
            <BIC>BJQBGBU8</BIC>
          </FinInstnId>
        </CdtrAgt>
        <Purp>
          <Cd>SALA</Cd>
        </Purp>
        <RmtInf>
          <Ustrd>Food under become public interest give.</Ustrd>
        </RmtInf>
      </CdtTrfTxInf>
      <CdtTrfTxInf>
        <PmtId>
          <InstrId>INSTR-76</InstrId>
          <EndToEndId>E2E-aeea5d3d44</EndToEndId>
        </PmtId>
        <Amt>
          <InstdAmt Ccy="CHF">4138.98</InstdAmt>
        </Amt>
        <Cdtr>
          <Nm>Lisa Alexander</Nm>
          <PstlAdr>
            <StrtNm>James Landing</StrtNm>
            <BldgNb>41</BldgNb>
            <TwnNm>Port Jessica</TwnNm>
            <Ctry>BE</Ctry>
          </PstlAdr>
        </Cdtr>
        <CdtrAcct>
          <Id>
            <IBAN>BE42CDXB39240514770538</IBAN>
          </Id>
        </CdtrAcct>
        <CdtrAgt>
          <FinInstnId>
            <BIC>GGRQGBQ9</BIC>
          </FinInstnId>
        </CdtrAgt>
        <Purp>
          <Cd>GOVT</Cd>
        </Purp>
        <RmtInf>
          <Ustrd>Color exist smile peace apply.</Ustrd>
        </RmtInf>
      </CdtTrfTxInf>
      <CdtTrfTxInf>
        <PmtId>
          <InstrId>INSTR-77</InstrId>
          <EndToEndId>E2E-96ae187c36</EndToEndId>
        </PmtId>
        <Amt>
          <InstdAmt Ccy="PLN">29040.81</InstdAmt>
        </Amt>
        <Cdtr>
          <Nm>Heather Rodriguez</Nm>
          <PstlAdr>
            <StrtNm>Dillon Run</StrtNm>
            <BldgNb>66</BldgNb>
            <TwnNm>Hallfurt</TwnNm>
            <Ctry>PT</Ctry>
          </PstlAdr>
        </Cdtr>
        <CdtrAcct>
          <Id>
            <IBAN>PT31QWDK79812387800384</IBAN>
          </Id>
        </CdtrAcct>
        <CdtrAgt>
          <FinInstnId>
            <BIC>KPMXGBKB</BIC>
          </FinInstnId>
        </CdtrAgt>
        <Purp>
          <Cd>GOVT</Cd>
        </Purp>
        <RmtInf>
          <Ustrd>Range green few you without every.</Ustrd>
        </RmtInf>
      </CdtTrfTxInf>
      <CdtTrfTxInf>
        <PmtId>
          <InstrId>INSTR-78</InstrId>
          <EndToEndId>E2E-f17b33d15b</EndToEndId>
        </PmtId>
        <Amt>
          <InstdAmt Ccy="JPY">83690.05</InstdAmt>
        </Amt>
        <Cdtr>
          <Nm>Justin Ramirez</Nm>
          <PstlAdr>
            <StrtNm>Matthew Lock</StrtNm>
            <BldgNb>123</BldgNb>
            <TwnNm>North Jessica</TwnNm>
            <Ctry>PL</Ctry>
          </PstlAdr>
        </Cdtr>
        <CdtrAcct>
          <Id>
            <IBAN>PL74QVTU36392649578232</IBAN>
          </Id>
        </CdtrAcct>
        <CdtrAgt>
          <FinInstnId>
            <BIC>SRVZGBMI</BIC>
          </FinInstnId>
        </CdtrAgt>
        <Purp>
          <Cd>PENS</Cd>
        </Purp>
        <RmtInf>
          <Ustrd>Read together travel involve training.</Ustrd>
        </RmtInf>
      </CdtTrfTxInf>
      <CdtTrfTxInf>
        <PmtId>
          <InstrId>INSTR-79</InstrId>
          <EndToEndId>E2E-188f95c2d3</EndToEndId>
        </PmtId>
        <Amt>
          <InstdAmt Ccy="USD">2173.13</InstdAmt>
        </Amt>
        <Cdtr>
          <Nm>Michelle White</Nm>
          <PstlAdr>
            <StrtNm>Jessica Track</StrtNm>
            <BldgNb>77</BldgNb>
            <TwnNm>Nicolechester</TwnNm>
            <Ctry>NL</Ctry>
          </PstlAdr>
        </Cdtr>
        <CdtrAcct>
          <Id>
            <IBAN>NL73NJOX42312209949993</IBAN>
          </Id>
        </CdtrAcct>
        <CdtrAgt>
          <FinInstnId>
            <BIC>THHVGBBW</BIC>
          </FinInstnId>
        </CdtrAgt>
        <Purp>
          <Cd>PENS</Cd>
        </Purp>
        <RmtInf>
          <Ustrd>Read live maybe painting.</Ustrd>
        </RmtInf>
      </CdtTrfTxInf>
      <CdtTrfTxInf>
        <PmtId>
          <InstrId>INSTR-80</InstrId>
          <EndToEndId>E2E-f5c2b36a37</EndToEndId>
        </PmtId>
        <Amt>
          <InstdAmt Ccy="EUR">1391.67</InstdAmt>
        </Amt>
        <Cdtr>
          <Nm>Tammy Clements</Nm>
          <PstlAdr>
            <StrtNm>Julia Flats</StrtNm>
            <BldgNb>108</BldgNb>
            <TwnNm>North Gregory</TwnNm>
            <Ctry>NL</Ctry>
          </PstlAdr>
        </Cdtr>
        <CdtrAcct>
          <Id>
            <IBAN>NL82OTPW57366096569998</IBAN>
          </Id>
        </CdtrAcct>
        <CdtrAgt>
          <FinInstnId>
            <BIC>QUWZGBC7</BIC>
          </FinInstnId>
        </CdtrAgt>
        <Purp>
          <Cd>PENS</Cd>
        </Purp>
        <RmtInf>
          <Ustrd>Later still amount yet.</Ustrd>
        </RmtInf>
      </CdtTrfTxInf>
      <CdtTrfTxInf>
        <PmtId>
          <InstrId>INSTR-81</InstrId>
          <EndToEndId>E2E-fbdd865f08</EndToEndId>
        </PmtId>
        <Amt>
          <InstdAmt Ccy="PLN">21703.49</InstdAmt>
        </Amt>
        <Cdtr>
          <Nm>Stephen Ayala</Nm>
          <PstlAdr>
            <StrtNm>Murray Manors</StrtNm>
            <BldgNb>56</BldgNb>
            <TwnNm>Christieton</TwnNm>
            <Ctry>ES</Ctry>
          </PstlAdr>
        </Cdtr>
        <CdtrAcct>
          <Id>
            <IBAN>ES31WQEO71812982665702</IBAN>
          </Id>
        </CdtrAcct>
        <CdtrAgt>
          <FinInstnId>
            <BIC>OSWGGB3F</BIC>
          </FinInstnId>
        </CdtrAgt>
        <Purp>
          <Cd>TRAD</Cd>
        </Purp>
        <RmtInf>
          <Ustrd>Food possible represent clearly run.</Ustrd>
        </RmtInf>
      </CdtTrfTxInf>
      <CdtTrfTxInf>
        <PmtId>
          <InstrId>INSTR-82</InstrId>
          <EndToEndId>E2E-ede6873dc0</EndToEndId>
        </PmtId>
        <Amt>
          <InstdAmt Ccy="CAD">8935.53</InstdAmt>
        </Amt>
        <Cdtr>
          <Nm>Richard Hunt</Nm>
          <PstlAdr>
            <StrtNm>Nicholas Light</StrtNm>
            <BldgNb>137</BldgNb>
            <TwnNm>Port Georgemouth</TwnNm>
            <Ctry>DE</Ctry>
          </PstlAdr>
        </Cdtr>
        <CdtrAcct>
          <Id>
            <IBAN>DE78SVEF22064474212309</IBAN>
          </Id>
        </CdtrAcct>
        <CdtrAgt>
          <FinInstnId>
            <BIC>YIAOGB55</BIC>
          </FinInstnId>
        </CdtrAgt>
        <Purp>
          <Cd>DIVD</Cd>
        </Purp>
        <RmtInf>
          <Ustrd>Already take project study fear turn.</Ustrd>
        </RmtInf>
      </CdtTrfTxInf>
      <CdtTrfTxInf>
        <PmtId>
          <InstrId>INSTR-83</InstrId>
          <EndToEndId>E2E-19fd63565c</EndToEndId>
        </PmtId>
        <Amt>
          <InstdAmt Ccy="JPY">738074.02</InstdAmt>
        </Amt>
        <Cdtr>
          <Nm>Matthew Graves</Nm>
          <PstlAdr>
            <StrtNm>Tammy Summit</StrtNm>
            <BldgNb>16</BldgNb>
            <TwnNm>Sarahland</TwnNm>
            <Ctry>PT</Ctry>
          </PstlAdr>
        </Cdtr>
        <CdtrAcct>
          <Id>
            <IBAN>PT18YJKL61681472145868</IBAN>
          </Id>
        </CdtrAcct>
        <CdtrAgt>
          <FinInstnId>
            <BIC>GWGTGBDG</BIC>
          </FinInstnId>
        </CdtrAgt>
        <Purp>
          <Cd>SALA</Cd>
        </Purp>
        <RmtInf>
          <Ustrd>Role pick would low read value worry.</Ustrd>
        </RmtInf>
      </CdtTrfTxInf>
      <CdtTrfTxInf>
        <PmtId>
          <InstrId>INSTR-84</InstrId>
          <EndToEndId>E2E-45d8de11e1</EndToEndId>
        </PmtId>
        <Amt>
          <InstdAmt Ccy="PLN">10538.99</InstdAmt>
        </Amt>
        <Cdtr>
          <Nm>Lisa Crawford</Nm>
          <PstlAdr>
            <StrtNm>Vasquez Falls</StrtNm>
            <BldgNb>14</BldgNb>
            <TwnNm>Lake Kelly</TwnNm>
            <Ctry>BE</Ctry>
          </PstlAdr>
        </Cdtr>
        <CdtrAcct>
          <Id>
            <IBAN>BE43GADA71396605583034</IBAN>
          </Id>
        </CdtrAcct>
        <CdtrAgt>
          <FinInstnId>
            <BIC>IZCJGBT6</BIC>
          </FinInstnId>
        </CdtrAgt>
        <Purp>
          <Cd>PENS</Cd>
        </Purp>
        <RmtInf>
          <Ustrd>Create street two look.</Ustrd>
        </RmtInf>
      </CdtTrfTxInf>
      <CdtTrfTxInf>
        <PmtId>
          <InstrId>INSTR-85</InstrId>
          <EndToEndId>E2E-f125e6fa40</EndToEndId>
        </PmtId>
        <Amt>
          <InstdAmt Ccy="GBP">1362.39</InstdAmt>
        </Amt>
        <Cdtr>
          <Nm>Jennifer Newton</Nm>
          <PstlAdr>
            <StrtNm>Cunningham Springs</StrtNm>
            <BldgNb>56</BldgNb>
            <TwnNm>Angelatown</TwnNm>
            <Ctry>NL</Ctry>
          </PstlAdr>
        </Cdtr>
        <CdtrAcct>
          <Id>
            <IBAN>NL55GSVK51240568299629</IBAN>
          </Id>
        </CdtrAcct>
        <CdtrAgt>
          <FinInstnId>
            <BIC>DZYJGBUC</BIC>
          </FinInstnId>
        </CdtrAgt>
        <Purp>
          <Cd>SALA</Cd>
        </Purp>
        <RmtInf>
          <Ustrd>Including market down later week.</Ustrd>
        </RmtInf>
      </CdtTrfTxInf>
      <CdtTrfTxInf>
        <PmtId>
          <InstrId>INSTR-86</InstrId>
          <EndToEndId>E2E-86ae66ca59</EndToEndId>
        </PmtId>
        <Amt>
          <InstdAmt Ccy="CAD">2617.36</InstdAmt>
        </Amt>
        <Cdtr>
          <Nm>Jonathan Lloyd</Nm>
          <PstlAdr>
            <StrtNm>James Orchard</StrtNm>
            <BldgNb>120</BldgNb>
            <TwnNm>Kimberlyberg</TwnNm>
            <Ctry>ES</Ctry>
          </PstlAdr>
        </Cdtr>
        <CdtrAcct>
          <Id>
            <IBAN>ES14YDQV23076810409157</IBAN>
          </Id>
        </CdtrAcct>
        <CdtrAgt>
          <FinInstnId>
            <BIC>BDQYGBTB</BIC>
          </FinInstnId>
        </CdtrAgt>
        <Purp>
          <Cd>SALA</Cd>
        </Purp>
        <RmtInf>
          <Ustrd>Evening church boy when.</Ustrd>
        </RmtInf>
      </CdtTrfTxInf>
      <CdtTrfTxInf>
        <PmtId>
          <InstrId>INSTR-87</InstrId>
          <EndToEndId>E2E-a1e661ba09</EndToEndId>
        </PmtId>
        <Amt>
          <InstdAmt Ccy="USD">10712.32</InstdAmt>
        </Amt>
        <Cdtr>
          <Nm>Benjamin Austin</Nm>
          <PstlAdr>
            <StrtNm>Fernandez Causeway</StrtNm>
            <BldgNb>149</BldgNb>
            <TwnNm>North Thomas</TwnNm>
            <Ctry>DE</Ctry>
          </PstlAdr>
        </Cdtr>
        <CdtrAcct>
          <Id>
            <IBAN>DE20VBDM01662997954538</IBAN>
          </Id>
        </CdtrAcct>
        <CdtrAgt>
          <FinInstnId>
            <BIC>CYYOGBIF</BIC>
          </FinInstnId>
        </CdtrAgt>
        <Purp>
          <Cd>TRAD</Cd>
        </Purp>
        <RmtInf>
          <Ustrd>Little goal leave color.</Ustrd>
        </RmtInf>
      </CdtTrfTxInf>
      <CdtTrfTxInf>
        <PmtId>
          <InstrId>INSTR-88</InstrId>
          <EndToEndId>E2E-ecc515ecf2</EndToEndId>
        </PmtId>
        <Amt>
          <InstdAmt Ccy="GBP">1478.40</InstdAmt>
        </Amt>
        <Cdtr>
          <Nm>Rebecca Patel</Nm>
          <PstlAdr>
            <StrtNm>Garza Garden</StrtNm>
            <BldgNb>110</BldgNb>
            <TwnNm>New Erik</TwnNm>
            <Ctry>PL</Ctry>
          </PstlAdr>
        </Cdtr>
        <CdtrAcct>
          <Id>
            <IBAN>PL99PMCK39669583219719</IBAN>
          </Id>
        </CdtrAcct>
        <CdtrAgt>
          <FinInstnId>
            <BIC>TOKRGBG2</BIC>
          </FinInstnId>
        </CdtrAgt>
        <Purp>
          <Cd>SALA</Cd>
        </Purp>
        <RmtInf>
          <Ustrd>Final image our rate.</Ustrd>
        </RmtInf>
      </CdtTrfTxInf>
      <CdtTrfTxInf>
        <PmtId>
          <InstrId>INSTR-89</InstrId>
          <EndToEndId>E2E-fae9f4e673</EndToEndId>
        </PmtId>
        <Amt>
          <InstdAmt Ccy="PLN">34049.35</InstdAmt>
        </Amt>
        <Cdtr>
          <Nm>April Thomas</Nm>
          <PstlAdr>
            <StrtNm>Shawn Highway</StrtNm>
            <BldgNb>165</BldgNb>
            <TwnNm>Gilbertmouth</TwnNm>
            <Ctry>GB</Ctry>
          </PstlAdr>
        </Cdtr>
        <CdtrAcct>
          <Id>
            <IBAN>GB13GGVK49465190986240</IBAN>
          </Id>
        </CdtrAcct>
        <CdtrAgt>
          <FinInstnId>
            <BIC>LRBAGB9W</BIC>
          </FinInstnId>
        </CdtrAgt>
        <Purp>
          <Cd>TAXS</Cd>
        </Purp>
        <RmtInf>
          <Ustrd>Technology tend dog reduce.</Ustrd>
        </RmtInf>
      </CdtTrfTxInf>
      <CdtTrfTxInf>
        <PmtId>
          <InstrId>INSTR-90</InstrId>
          <EndToEndId>E2E-d9e9d8c172</EndToEndId>
        </PmtId>
        <Amt>
          <InstdAmt Ccy="CAD">3259.40</InstdAmt>
        </Amt>
        <Cdtr>
          <Nm>Justin Bridges</Nm>
          <PstlAdr>
            <StrtNm>Larsen Drives</StrtNm>
            <BldgNb>181</BldgNb>
            <TwnNm>Whitneyberg</TwnNm>
            <Ctry>BE</Ctry>
          </PstlAdr>
        </Cdtr>
        <CdtrAcct>
          <Id>
            <IBAN>BE19EACU02762126796927</IBAN>
          </Id>
        </CdtrAcct>
        <CdtrAgt>
          <FinInstnId>
            <BIC>QNROGBYW</BIC>
          </FinInstnId>
        </CdtrAgt>
        <Purp>
          <Cd>GOVT</Cd>
        </Purp>
        <RmtInf>
          <Ustrd>Control painting official suggest door.</Ustrd>
        </RmtInf>
      </CdtTrfTxInf>
      <CdtTrfTxInf>
        <PmtId>
          <InstrId>INSTR-91</InstrId>
          <EndToEndId>E2E-86cfc68be7</EndToEndId>
        </PmtId>
        <Amt>
          <InstdAmt Ccy="GBP">7180.56</InstdAmt>
        </Amt>
        <Cdtr>
          <Nm>Tonya Miller</Nm>
          <PstlAdr>
            <StrtNm>Marshall Common</StrtNm>
            <BldgNb>77</BldgNb>
            <TwnNm>East Thomasland</TwnNm>
            <Ctry>PT</Ctry>
          </PstlAdr>
        </Cdtr>
        <CdtrAcct>
          <Id>
            <IBAN>PT57VURZ94905807787956</IBAN>
          </Id>
        </CdtrAcct>
        <CdtrAgt>
          <FinInstnId>
            <BIC>LZJJGBKC</BIC>
          </FinInstnId>
        </CdtrAgt>
        <Purp>
          <Cd>PENS</Cd>
        </Purp>
        <RmtInf>
          <Ustrd>Add born company option character.</Ustrd>
        </RmtInf>
      </CdtTrfTxInf>
      <CdtTrfTxInf>
        <PmtId>
          <InstrId>INSTR-92</InstrId>
          <EndToEndId>E2E-0ff4d9abdf</EndToEndId>
        </PmtId>
        <Amt>
          <InstdAmt Ccy="EUR">2823.25</InstdAmt>
        </Amt>
        <Cdtr>
          <Nm>Dr. Linda Underwood</Nm>
          <PstlAdr>
            <StrtNm>Mullins Loop</StrtNm>
            <BldgNb>14</BldgNb>
            <TwnNm>Youngmouth</TwnNm>
            <Ctry>NL</Ctry>
          </PstlAdr>
        </Cdtr>
        <CdtrAcct>
          <Id>
            <IBAN>NL87XUFG95041027674783</IBAN>
          </Id>
        </CdtrAcct>
        <CdtrAgt>
          <FinInstnId>
            <BIC>MVWMGB4Q</BIC>
          </FinInstnId>
        </CdtrAgt>
        <Purp>
          <Cd>TRAD</Cd>
        </Purp>
        <RmtInf>
          <Ustrd>Most itself eye something.</Ustrd>
        </RmtInf>
      </CdtTrfTxInf>
      <CdtTrfTxInf>
        <PmtId>
          <InstrId>INSTR-93</InstrId>
          <EndToEndId>E2E-7b2ff2d8c5</EndToEndId>
        </PmtId>
        <Amt>
          <InstdAmt Ccy="GBP">7893.21</InstdAmt>
        </Amt>
        <Cdtr>
          <Nm>Jessica Hull</Nm>
          <PstlAdr>
            <StrtNm>Rogers Grove</StrtNm>
            <BldgNb>23</BldgNb>
            <TwnNm>West Destinyfurt</TwnNm>
            <Ctry>IT</Ctry>
          </PstlAdr>
        </Cdtr>
        <CdtrAcct>
          <Id>
            <IBAN>IT71OYVX39385258001061</IBAN>
          </Id>
        </CdtrAcct>
        <CdtrAgt>
          <FinInstnId>
            <BIC>QDVOGBWO</BIC>
          </FinInstnId>
        </CdtrAgt>
        <Purp>
          <Cd>SALA</Cd>
        </Purp>
        <RmtInf>
          <Ustrd>Edge alone people arm order.</Ustrd>
        </RmtInf>
      </CdtTrfTxInf>
      <CdtTrfTxInf>
        <PmtId>
          <InstrId>INSTR-94</InstrId>
          <EndToEndId>E2E-90dc46a44b</EndToEndId>
        </PmtId>
        <Amt>
          <InstdAmt Ccy="GBP">5796.64</InstdAmt>
        </Amt>
        <Cdtr>
          <Nm>Matthew Yoder</Nm>
          <PstlAdr>
            <StrtNm>Paula Square</StrtNm>
            <BldgNb>181</BldgNb>
            <TwnNm>West Kenneth</TwnNm>
            <Ctry>BE</Ctry>
          </PstlAdr>
        </Cdtr>
        <CdtrAcct>
          <Id>
            <IBAN>BE30VCUO46542140665044</IBAN>
          </Id>
        </CdtrAcct>
        <CdtrAgt>
          <FinInstnId>
            <BIC>FOCPGBMZ</BIC>
          </FinInstnId>
        </CdtrAgt>
        <Purp>
          <Cd>PENS</Cd>
        </Purp>
        <RmtInf>
          <Ustrd>Population board music issue.</Ustrd>
        </RmtInf>
      </CdtTrfTxInf>
      <CdtTrfTxInf>
        <PmtId>
          <InstrId>INSTR-95</InstrId>
          <EndToEndId>E2E-62edcc8b03</EndToEndId>
        </PmtId>
        <Amt>
          <InstdAmt Ccy="JPY">1574825.46</InstdAmt>
        </Amt>
        <Cdtr>
          <Nm>Brittany Bowman</Nm>
          <PstlAdr>
            <StrtNm>Elizabeth Grove</StrtNm>
            <BldgNb>9</BldgNb>
            <TwnNm>Lake Mark</TwnNm>
            <Ctry>FR</Ctry>
          </PstlAdr>
        </Cdtr>
        <CdtrAcct>
          <Id>
            <IBAN>FR50MSAQ77661830671985</IBAN>
          </Id>
        </CdtrAcct>
        <CdtrAgt>
          <FinInstnId>
            <BIC>KVJMGBDF</BIC>
          </FinInstnId>
        </CdtrAgt>
        <Purp>
          <Cd>TRAD</Cd>
        </Purp>
        <RmtInf>
          <Ustrd>Never whose produce federal.</Ustrd>
        </RmtInf>
      </CdtTrfTxInf>
      <CdtTrfTxInf>
        <PmtId>
          <InstrId>INSTR-96</InstrId>
          <EndToEndId>E2E-a9a3555c11</EndToEndId>
        </PmtId>
        <Amt>
          <InstdAmt Ccy="JPY">1007015.58</InstdAmt>
        </Amt>
        <Cdtr>
          <Nm>Corey Cortez</Nm>
          <PstlAdr>
            <StrtNm>Tracy Circles</StrtNm>
            <BldgNb>189</BldgNb>
            <TwnNm>Victormouth</TwnNm>
            <Ctry>PT</Ctry>
          </PstlAdr>
        </Cdtr>
        <CdtrAcct>
          <Id>
            <IBAN>PT16ABKB50613878293102</IBAN>
          </Id>
        </CdtrAcct>
        <CdtrAgt>
          <FinInstnId>
            <BIC>PUAPGBCP</BIC>
          </FinInstnId>
        </CdtrAgt>
        <Purp>
          <Cd>GOVT</Cd>
        </Purp>
        <RmtInf>
          <Ustrd>Add plan toward star.</Ustrd>
        </RmtInf>
      </CdtTrfTxInf>
      <CdtTrfTxInf>
        <PmtId>
          <InstrId>INSTR-97</InstrId>
          <EndToEndId>E2E-8cb6473973</EndToEndId>
        </PmtId>
        <Amt>
          <InstdAmt Ccy="USD">7131.47</InstdAmt>
        </Amt>
        <Cdtr>
          <Nm>Jonathan Lloyd</Nm>
          <PstlAdr>
            <StrtNm>Bryan Flats</StrtNm>
            <BldgNb>36</BldgNb>
            <TwnNm>Rogersfurt</TwnNm>
            <Ctry>PL</Ctry>
          </PstlAdr>
        </Cdtr>
        <CdtrAcct>
          <Id>
            <IBAN>PL73KDVS82530925114262</IBAN>
          </Id>
        </CdtrAcct>
        <CdtrAgt>
          <FinInstnId>
            <BIC>WLRFGB2P</BIC>
          </FinInstnId>
        </CdtrAgt>
        <Purp>
          <Cd>SUPP</Cd>
        </Purp>
        <RmtInf>
          <Ustrd>Unit religious order exist.</Ustrd>
        </RmtInf>
      </CdtTrfTxInf>
      <CdtTrfTxInf>
        <PmtId>
          <InstrId>INSTR-98</InstrId>
          <EndToEndId>E2E-df383a7053</EndToEndId>
        </PmtId>
        <Amt>
          <InstdAmt Ccy="PLN">25210.85</InstdAmt>
        </Amt>
        <Cdtr>
          <Nm>Christopher Porter</Nm>
          <PstlAdr>
            <StrtNm>Courtney Tunnel</StrtNm>
            <BldgNb>149</BldgNb>
            <TwnNm>Michaeltown</TwnNm>
            <Ctry>NL</Ctry>
          </PstlAdr>
        </Cdtr>
        <CdtrAcct>
          <Id>
            <IBAN>NL12RHGD81958837340312</IBAN>
          </Id>
        </CdtrAcct>
        <CdtrAgt>
          <FinInstnId>
            <BIC>VPPFGBKC</BIC>
          </FinInstnId>
        </CdtrAgt>
        <Purp>
          <Cd>DIVD</Cd>
        </Purp>
        <RmtInf>
          <Ustrd>Population expect itself.</Ustrd>
        </RmtInf>
      </CdtTrfTxInf>
      <CdtTrfTxInf>
        <PmtId>
          <InstrId>INSTR-99</InstrId>
          <EndToEndId>E2E-22c9ab07f1</EndToEndId>
        </PmtId>
        <Amt>
          <InstdAmt Ccy="EUR">3384.24</InstdAmt>
        </Amt>
        <Cdtr>
          <Nm>Allen Robertson</Nm>
          <PstlAdr>
            <StrtNm>Patty Stravenue</StrtNm>
            <BldgNb>10</BldgNb>
            <TwnNm>Watkinsmouth</TwnNm>
            <Ctry>ES</Ctry>
          </PstlAdr>
        </Cdtr>
        <CdtrAcct>
          <Id>
            <IBAN>ES48NGXV53153136363179</IBAN>
          </Id>
        </CdtrAcct>
        <CdtrAgt>
          <FinInstnId>
            <BIC>PBNEGBN3</BIC>
          </FinInstnId>
        </CdtrAgt>
        <Purp>
          <Cd>SUPP</Cd>
        </Purp>
        <RmtInf>
          <Ustrd>Hold carry rest place.</Ustrd>
        </RmtInf>
      </CdtTrfTxInf>
      <CdtTrfTxInf>
        <PmtId>
          <InstrId>INSTR-100</InstrId>
          <EndToEndId>E2E-9ebeb6c60d</EndToEndId>
        </PmtId>
        <Amt>
          <InstdAmt Ccy="PLN">35869.61</InstdAmt>
        </Amt>
        <Cdtr>
          <Nm>Judy Jackson</Nm>
          <PstlAdr>
            <StrtNm>Robinson Hill</StrtNm>
            <BldgNb>189</BldgNb>
            <TwnNm>Port Laura</TwnNm>
            <Ctry>IT</Ctry>
          </PstlAdr>
        </Cdtr>
        <CdtrAcct>
          <Id>
            <IBAN>IT55TFSR31687397740633</IBAN>
          </Id>
        </CdtrAcct>
        <CdtrAgt>
          <FinInstnId>
            <BIC>KNSHGBJA</BIC>
          </FinInstnId>
        </CdtrAgt>
        <Purp>
          <Cd>TAXS</Cd>
        </Purp>
        <RmtInf>
          <Ustrd>Wear car fast positive before look.</Ustrd>
        </RmtInf>
      </CdtTrfTxInf>
      <CdtTrfTxInf>
        <PmtId>
          <InstrId>INSTR-101</InstrId>
          <EndToEndId>E2E-f996310b01</EndToEndId>
        </PmtId>
        <Amt>
          <InstdAmt Ccy="JPY">992841.92</InstdAmt>
        </Amt>
        <Cdtr>
          <Nm>Charles Warner</Nm>
          <PstlAdr>
            <StrtNm>Kristy Land</StrtNm>
            <BldgNb>181</BldgNb>
            <TwnNm>Padillatown</TwnNm>
            <Ctry>PT</Ctry>
          </PstlAdr>
        </Cdtr>
        <CdtrAcct>
          <Id>
            <IBAN>PT17UCMW58046498931950</IBAN>
          </Id>
        </CdtrAcct>
        <CdtrAgt>
          <FinInstnId>
            <BIC>QVLBGBHY</BIC>
          </FinInstnId>
        </CdtrAgt>
        <Purp>
          <Cd>SUPP</Cd>
        </Purp>
        <RmtInf>
          <Ustrd>Catch friend much power say.</Ustrd>
        </RmtInf>
      </CdtTrfTxInf>
      <CdtTrfTxInf>
        <PmtId>
          <InstrId>INSTR-102</InstrId>
          <EndToEndId>E2E-9c58f46d95</EndToEndId>
        </PmtId>
        <Amt>
          <InstdAmt Ccy="EUR">6790.44</InstdAmt>
        </Amt>
        <Cdtr>
          <Nm>Jake Chavez</Nm>
          <PstlAdr>
            <StrtNm>Theodore Place</StrtNm>
            <BldgNb>130</BldgNb>
            <TwnNm>Shannonstad</TwnNm>
            <Ctry>IT</Ctry>
          </PstlAdr>
        </Cdtr>
        <CdtrAcct>
          <Id>
            <IBAN>IT10ZVWZ13711624112412</IBAN>
          </Id>
        </CdtrAcct>
        <CdtrAgt>
          <FinInstnId>
            <BIC>PEGQGBBS</BIC>
          </FinInstnId>
        </CdtrAgt>
        <Purp>
          <Cd>INTC</Cd>
        </Purp>
        <RmtInf>
          <Ustrd>Wide must car get kitchen popular.</Ustrd>
        </RmtInf>
      </CdtTrfTxInf>
      <CdtTrfTxInf>
        <PmtId>
          <InstrId>INSTR-103</InstrId>
          <EndToEndId>E2E-23179b5f4d</EndToEndId>
        </PmtId>
        <Amt>
          <InstdAmt Ccy="PLN">25964.28</InstdAmt>
        </Amt>
        <Cdtr>
          <Nm>Kenneth Rios</Nm>
          <PstlAdr>
            <StrtNm>Tucker Shores</StrtNm>
            <BldgNb>175</BldgNb>
            <TwnNm>Ellisshire</TwnNm>
            <Ctry>BE</Ctry>
          </PstlAdr>
        </Cdtr>
        <CdtrAcct>
          <Id>
            <IBAN>BE71EZJF43754025472928</IBAN>
          </Id>
        </CdtrAcct>
        <CdtrAgt>
          <FinInstnId>
            <BIC>JFFWGBJK</BIC>
          </FinInstnId>
        </CdtrAgt>
        <Purp>
          <Cd>TRAD</Cd>
        </Purp>
        <RmtInf>
          <Ustrd>Bring year off kid hard.</Ustrd>
        </RmtInf>
      </CdtTrfTxInf>
      <CdtTrfTxInf>
        <PmtId>
          <InstrId>INSTR-104</InstrId>
          <EndToEndId>E2E-dc8adab63a</EndToEndId>
        </PmtId>
        <Amt>
          <InstdAmt Ccy="CAD">471.98</InstdAmt>
        </Amt>
        <Cdtr>
          <Nm>Carla Turner</Nm>
          <PstlAdr>
            <StrtNm>Richard Parks</StrtNm>
            <BldgNb>77</BldgNb>
            <TwnNm>South Sarah</TwnNm>
            <Ctry>PL</Ctry>
          </PstlAdr>
        </Cdtr>
        <CdtrAcct>
          <Id>
            <IBAN>PL53EAXR85474929751702</IBAN>
          </Id>
        </CdtrAcct>
        <CdtrAgt>
          <FinInstnId>
            <BIC>VRDJGBBZ</BIC>
          </FinInstnId>
        </CdtrAgt>
        <Purp>
          <Cd>SALA</Cd>
        </Purp>
        <RmtInf>
          <Ustrd>Cultural base support quality whatever.</Ustrd>
        </RmtInf>
      </CdtTrfTxInf>
      <CdtTrfTxInf>
        <PmtId>
          <InstrId>INSTR-105</InstrId>
          <EndToEndId>E2E-31b10f0acd</EndToEndId>
        </PmtId>
        <Amt>
          <InstdAmt Ccy="GBP">1320.36</InstdAmt>
        </Amt>
        <Cdtr>
          <Nm>Jessica Hughes</Nm>
          <PstlAdr>
            <StrtNm>Justin Keys</StrtNm>
            <BldgNb>130</BldgNb>
            <TwnNm>Tiffanyside</TwnNm>
            <Ctry>DE</Ctry>
          </PstlAdr>
        </Cdtr>
        <CdtrAcct>
          <Id>
            <IBAN>DE74CGXO67426629912347</IBAN>
          </Id>
        </CdtrAcct>
        <CdtrAgt>
          <FinInstnId>
            <BIC>QKCSGBYF</BIC>
          </FinInstnId>
        </CdtrAgt>
        <Purp>
          <Cd>PENS</Cd>
        </Purp>
        <RmtInf>
          <Ustrd>Important trial increase.</Ustrd>
        </RmtInf>
      </CdtTrfTxInf>
      <CdtTrfTxInf>
        <PmtId>
          <InstrId>INSTR-106</InstrId>
          <EndToEndId>E2E-7a2aa78162</EndToEndId>
        </PmtId>
        <Amt>
          <InstdAmt Ccy="EUR">512.82</InstdAmt>
        </Amt>
        <Cdtr>
          <Nm>Elizabeth Richards</Nm>
          <PstlAdr>
            <StrtNm>Hansen Mountain</StrtNm>
            <BldgNb>12</BldgNb>
            <TwnNm>North Kylie</TwnNm>
            <Ctry>DE</Ctry>
          </PstlAdr>
        </Cdtr>
        <CdtrAcct>
          <Id>
            <IBAN>DE37EIJU71462730147195</IBAN>
          </Id>
        </CdtrAcct>
        <CdtrAgt>
          <FinInstnId>
            <BIC>SPSNGBQ4</BIC>
          </FinInstnId>
        </CdtrAgt>
        <Purp>
          <Cd>DIVD</Cd>
        </Purp>
        <RmtInf>
          <Ustrd>Health run adult employee.</Ustrd>
        </RmtInf>
      </CdtTrfTxInf>
      <CdtTrfTxInf>
        <PmtId>
          <InstrId>INSTR-107</InstrId>
          <EndToEndId>E2E-6b14b516d7</EndToEndId>
        </PmtId>
        <Amt>
          <InstdAmt Ccy="USD">8139.31</InstdAmt>
        </Amt>
        <Cdtr>
          <Nm>Dylan Moreno</Nm>
          <PstlAdr>
            <StrtNm>Willie Trafficway</StrtNm>
            <BldgNb>32</BldgNb>
            <TwnNm>Port Cody</TwnNm>
            <Ctry>BE</Ctry>
          </PstlAdr>
        </Cdtr>
        <CdtrAcct>
          <Id>
            <IBAN>BE70YFRK54451895202845</IBAN>
          </Id>
        </CdtrAcct>
        <CdtrAgt>
          <FinInstnId>
            <BIC>YPNKGBKG</BIC>
          </FinInstnId>
        </CdtrAgt>
        <Purp>
          <Cd>INTC</Cd>
        </Purp>
        <RmtInf>
          <Ustrd>Choice determine could today party.</Ustrd>
        </RmtInf>
      </CdtTrfTxInf>
      <CdtTrfTxInf>
        <PmtId>
          <InstrId>INSTR-108</InstrId>
          <EndToEndId>E2E-cd7d057114</EndToEndId>
        </PmtId>
        <Amt>
          <InstdAmt Ccy="GBP">6881.47</InstdAmt>
        </Amt>
        <Cdtr>
          <Nm>Alan Bailey</Nm>
          <PstlAdr>
            <StrtNm>Taylor Mills</StrtNm>
            <BldgNb>34</BldgNb>
            <TwnNm>Geraldport</TwnNm>
            <Ctry>BE</Ctry>
          </PstlAdr>
        </Cdtr>
        <CdtrAcct>
          <Id>
            <IBAN>BE64AXDH22342321611076</IBAN>
          </Id>
        </CdtrAcct>
        <CdtrAgt>
          <FinInstnId>
            <BIC>BGDBGB6D</BIC>
          </FinInstnId>
        </CdtrAgt>
        <Purp>
          <Cd>TAXS</Cd>
        </Purp>
        <RmtInf>
          <Ustrd>Onto customer provide ahead certainly.</Ustrd>
        </RmtInf>
      </CdtTrfTxInf>
    </PmtInf>
  </CstmrCdtTrfInitn>
</Document>
