<?xml version='1.0' encoding='UTF-8'?>
<Document xmlns="urn:iso:std:iso:20022:tech:xsd:pain.001.001.12">
  <CstmrCdtTrfInitn>
    <GrpHdr>
      <MsgId>MSG1-8d52ed14</MsgId>
      <CreDtTm>2025-10-10T17:36:40+00:00</CreDtTm>
      <NbOfTxs>29</NbOfTxs>
      <InitgPty>
        <Nm>Allison Hill</Nm>
      </InitgPty>
      <CtrlSum>161325.46</CtrlSum>
    </GrpHdr>
    <PmtInf>
      <PmtInfId>PMT-315b99</PmtInfId>
      <PmtMtd>TRF</PmtMtd>
      <ReqdExctnDt>2023-05-06</ReqdExctnDt>
      <Dbtr>
        <Nm>Allison Hill</Nm>
      </Dbtr>
      <DbtrAcct>
        <Id>
          <IBAN>DE56HEXD81960013389083</IBAN>
        </Id>
      </DbtrAcct>
      <DbtrAgt>
        <FinInstnId>
          <BIC>WUWRGB0O</BIC>
        </FinInstnId>
      </DbtrAgt>
      <CdtTrfTxInf>
        <PmtId>
          <InstrId>INSTR-1</InstrId>
          <EndToEndId>E2E-1e3cfab5d3</EndToEndId>
        </PmtId>
        <Amt>
          <InstdAmt Ccy="USD">7893.58</InstdAmt>
        </Amt>
        <Cdtr>
          <Nm>Donald Booth</Nm>
          <PstlAdr>
            <StrtNm>Helen Junctions</StrtNm>
            <BldgNb>177</BldgNb>
            <TwnNm>Ericmouth</TwnNm>
            <Ctry>PT</Ctry>
          </PstlAdr>
        </Cdtr>
        <CdtrAcct>
          <Id>
            <IBAN>PT11DCMD55940781618495</IBAN>
          </Id>
        </CdtrAcct>
        <CdtrAgt>
          <FinInstnId>
            <BIC>SGWCGBCO</BIC>
          </FinInstnId>
        </CdtrAgt>
        <Purp>
          <Cd>DIVD</Cd>
        </Purp>
        <RmtInf>
          <Ustrd>World talk term herself law.</Ustrd>
        </RmtInf>
      </CdtTrfTxInf>
      <CdtTrfTxInf>
        <PmtId>
          <InstrId>INSTR-2</InstrId>
          <EndToEndId>E2E-b63616bdc1</EndToEndId>
        </PmtId>
        <Amt>
          <InstdAmt Ccy="USD">1963.92</InstdAmt>
        </Amt>
        <Cdtr>
          <Nm>Kimberly Sanchez</Nm>
          <PstlAdr>
            <StrtNm>Gray Route</StrtNm>
            <BldgNb>184</BldgNb>
            <TwnNm>Lake Mark</TwnNm>
            <Ctry>ES</Ctry>
          </PstlAdr>
        </Cdtr>
        <CdtrAcct>
          <Id>
            <IBAN>ES66YYBH05641395376724</IBAN>
          </Id>
        </CdtrAcct>
        <CdtrAgt>
          <FinInstnId>
            <BIC>EHXRGB8Q</BIC>
          </FinInstnId>
        </CdtrAgt>
        <Purp>
          <Cd>TRAD</Cd>
        </Purp>
        <RmtInf>
          <Ustrd>Physical society instead as.</Ustrd>
        </RmtInf>
      </CdtTrfTxInf>
      <CdtTrfTxInf>
        <PmtId>
          <InstrId>INSTR-3</InstrId>
          <EndToEndId>E2E-af071a4ef7</EndToEndId>
        </PmtId>
        <Amt>
          <InstdAmt Ccy="EUR">2265.90</InstdAmt>
        </Amt>
        <Cdtr>
          <Nm>Stephen Potter</Nm>
          <PstlAdr>
            <StrtNm>Rodriguez Mews</StrtNm>
            <BldgNb>171</BldgNb>
            <TwnNm>South Aaron</TwnNm>
            <Ctry>BE</Ctry>
          </PstlAdr>
        </Cdtr>
        <CdtrAcct>
          <Id>
            <IBAN>BE15XXIQ28148932528809</IBAN>
          </Id>
        </CdtrAcct>
        <CdtrAgt>
          <FinInstnId>
            <BIC>KPADGBXT</BIC>
          </FinInstnId>
        </CdtrAgt>
        <Purp>
          <Cd>SUPP</Cd>
        </Purp>
        <RmtInf>
          <Ustrd>Around there water beat magazine.</Ustrd>
        </RmtInf>
      </CdtTrfTxInf>
      <CdtTrfTxInf>
        <PmtId>
          <InstrId>INSTR-4</InstrId>
          <EndToEndId>E2E-3664e52fc7</EndToEndId>
        </PmtId>
        <Amt>
          <InstdAmt Ccy="EUR">2404.69</InstdAmt>
        </Amt>
        <Cdtr>
          <Nm>Carmen Rose</Nm>
          <PstlAdr>
            <StrtNm>Brandt Plains</StrtNm>
            <BldgNb>50</BldgNb>
            <TwnNm>Lake Larry</TwnNm>
            <Ctry>PL</Ctry>
          </PstlAdr>
        </Cdtr>
        <CdtrAcct>
          <Id>
            <IBAN>PL55VULO87133150983930</IBAN>
          </Id>
        </CdtrAcct>
        <CdtrAgt>
          <FinInstnId>
            <BIC>CWUBGBOE</BIC>
          </FinInstnId>
        </CdtrAgt>
        <Purp>
          <Cd>SUPP</Cd>
        </Purp>
        <RmtInf>
          <Ustrd>Teacher audience draw.</Ustrd>
        </RmtInf>
      </CdtTrfTxInf>
      <CdtTrfTxInf>
        <PmtId>
          <InstrId>INSTR-5</InstrId>
          <EndToEndId>E2E-aa9fab52d6</EndToEndId>
        </PmtId>
        <Amt>
          <InstdAmt Ccy="JPY">548036.60</InstdAmt>
        </Amt>
        <Cdtr>
          <Nm>Brent Jordan</Nm>
          <PstlAdr>
            <StrtNm>Jenkins Way</StrtNm>
            <BldgNb>145</BldgNb>
            <TwnNm>Lake Deniseville</TwnNm>
            <Ctry>GB</Ctry>
          </PstlAdr>
        </Cdtr>
        <CdtrAcct>
          <Id>
            <IBAN>GB57BMXK13338726247317</IBAN>
          </Id>
        </CdtrAcct>
        <CdtrAgt>
          <FinInstnId>
            <BIC>ZRDBGB8A</BIC>
          </FinInstnId>
        </CdtrAgt>
        <Purp>
          <Cd>TRAD</Cd>
        </Purp>
        <RmtInf>
          <Ustrd>Unit support coach magazine.</Ustrd>
        </RmtInf>
      </CdtTrfTxInf>
      <CdtTrfTxInf>
        <PmtId>
          <InstrId>INSTR-6</InstrId>
          <EndToEndId>E2E-da9d4ad804</EndToEndId>
        </PmtId>
        <Amt>
          <InstdAmt Ccy="CAD">2037.71</InstdAmt>
        </Amt>
        <Cdtr>
          <Nm>Rachel Mitchell</Nm>
          <PstlAdr>
            <StrtNm>Moore Hill</StrtNm>
            <BldgNb>67</BldgNb>
            <TwnNm>North Beth</TwnNm>
            <Ctry>IT</Ctry>
          </PstlAdr>
        </Cdtr>
        <CdtrAcct>
          <Id>
            <IBAN>IT77RBXK00978820812191</IBAN>
          </Id>
        </CdtrAcct>
        <CdtrAgt>
          <FinInstnId>
            <BIC>VHMDGBPC</BIC>
          </FinInstnId>
        </CdtrAgt>
        <Purp>
          <Cd>SALA</Cd>
        </Purp>
        <RmtInf>
          <Ustrd>Public feel first sell.</Ustrd>
        </RmtInf>
      </CdtTrfTxInf>
      <CdtTrfTxInf>
        <PmtId>
          <InstrId>INSTR-7</InstrId>
          <EndToEndId>E2E-b5d9875ba0</EndToEndId>
        </PmtId>
        <Amt>
          <InstdAmt Ccy="CHF">2457.35</InstdAmt>
        </Amt>
        <Cdtr>
          <Nm>Katie Anderson</Nm>
          <PstlAdr>
            <StrtNm>Ibarra Gardens</StrtNm>
            <BldgNb>111</BldgNb>
            <TwnNm>Justinmouth</TwnNm>
            <Ctry>PL</Ctry>
          </PstlAdr>
        </Cdtr>
        <CdtrAcct>
          <Id>
            <IBAN>PL56RWJT80841241182449</IBAN>
          </Id>
        </CdtrAcct>
        <CdtrAgt>
          <FinInstnId>
            <BIC>GWKGGBQ6</BIC>
          </FinInstnId>
        </CdtrAgt>
        <Purp>
          <Cd>GOVT</Cd>
        </Purp>
        <RmtInf>
          <Ustrd>Pm energy scientist necessary.</Ustrd>
        </RmtInf>
      </CdtTrfTxInf>
      <CdtTrfTxInf>
        <PmtId>
          <InstrId>INSTR-8</InstrId>
          <EndToEndId>E2E-b2d1f28b68</EndToEndId>
        </PmtId>
        <Amt>
          <InstdAmt Ccy="EUR">9457.70</InstdAmt>
        </Amt>
        <Cdtr>
          <Nm>Juan Jordan</Nm>
          <PstlAdr>
            <StrtNm>Kyle Underpass</StrtNm>
            <BldgNb>111</BldgNb>
            <TwnNm>West Jasonbury</TwnNm>
            <Ctry>PL</Ctry>
          </PstlAdr>
        </Cdtr>
        <CdtrAcct>
          <Id>
            <IBAN>PL68VDLY86923226025634</IBAN>
          </Id>
        </CdtrAcct>
        <CdtrAgt>
          <FinInstnId>
            <BIC>FZWDGBYC</BIC>
          </FinInstnId>
        </CdtrAgt>
        <Purp>
          <Cd>SUPP</Cd>
        </Purp>
        <RmtInf>
          <Ustrd>Although others generation skill job.</Ustrd>
        </RmtInf>
      </CdtTrfTxInf>
      <CdtTrfTxInf>
        <PmtId>
          <InstrId>INSTR-9</InstrId>
          <EndToEndId>E2E-5b96da73d4</EndToEndId>
        </PmtId>
        <Amt>
          <InstdAmt Ccy="CHF">8005.42</InstdAmt>
        </Amt>
        <Cdtr>
          <Nm>Teresa Mclaughlin</Nm>
          <PstlAdr>
            <StrtNm>Michael Cliff</StrtNm>
            <BldgNb>138</BldgNb>
            <TwnNm>Cindyville</TwnNm>
            <Ctry>FR</Ctry>
          </PstlAdr>
        </Cdtr>
        <CdtrAcct>
          <Id>
            <IBAN>FR81XJQJ65648236629946</IBAN>
          </Id>
        </CdtrAcct>
        <CdtrAgt>
          <FinInstnId>
            <BIC>RAJJGBN1</BIC>
          </FinInstnId>
        </CdtrAgt>
        <Purp>
          <Cd>TAXS</Cd>
        </Purp>
        <RmtInf>
          <Ustrd>Exist professional people behavior.</Ustrd>
        </RmtInf>
      </CdtTrfTxInf>
      <CdtTrfTxInf>
        <PmtId>
          <InstrId>INSTR-10</InstrId>
          <EndToEndId>E2E-2207db037d</EndToEndId>
        </PmtId>
        <Amt>
          <InstdAmt Ccy="CAD">10299.27</InstdAmt>
        </Amt>
        <Cdtr>
          <Nm>Samuel Jones</Nm>
          <PstlAdr>
            <StrtNm>Mercado Ports</StrtNm>
            <BldgNb>130</BldgNb>
            <TwnNm>Lake Heather</TwnNm>
            <Ctry>PL</Ctry>
          </PstlAdr>
        </Cdtr>
        <CdtrAcct>
          <Id>
            <IBAN>PL39PMHE01632870831727</IBAN>
          </Id>
        </CdtrAcct>
        <CdtrAgt>
          <FinInstnId>
            <BIC>VQRTGBU2</BIC>
          </FinInstnId>
        </CdtrAgt>
        <Purp>
          <Cd>INTC</Cd>
        </Purp>
        <RmtInf>
          <Ustrd>Style everyone sing machine dream.</Ustrd>
        </RmtInf>
      </CdtTrfTxInf>
      <CdtTrfTxInf>
        <PmtId>
          <InstrId>INSTR-11</InstrId>
          <EndToEndId>E2E-850b5b150b</EndToEndId>
        </PmtId>
        <Amt>
          <InstdAmt Ccy="CAD">8840.06</InstdAmt>
        </Amt>
        <Cdtr>
          <Nm>Michael Mccarthy</Nm>
          <PstlAdr>
            <StrtNm>Robert Isle</StrtNm>
            <BldgNb>138</BldgNb>
            <TwnNm>Perryborough</TwnNm>
            <Ctry>BE</Ctry>
          </PstlAdr>
        </Cdtr>
        <CdtrAcct>
          <Id>
            <IBAN>BE80NMYS09670546688937</IBAN>
          </Id>
        </CdtrAcct>
        <CdtrAgt>
          <FinInstnId>
            <BIC>HINPGBBY</BIC>
          </FinInstnId>
        </CdtrAgt>
        <Purp>
          <Cd>SUPP</Cd>
        </Purp>
        <RmtInf>
          <Ustrd>Employee force lawyer.</Ustrd>
        </RmtInf>
      </CdtTrfTxInf>
      <CdtTrfTxInf>
        <PmtId>
          <InstrId>INSTR-12</InstrId>
          <EndToEndId>E2E-8a51f30b4b</EndToEndId>
        </PmtId>
        <Amt>
          <InstdAmt Ccy="PLN">34747.75</InstdAmt>
        </Amt>
        <Cdtr>
          <Nm>Joshua Cooke</Nm>
          <PstlAdr>
            <StrtNm>Walker Cliff</StrtNm>
            <BldgNb>161</BldgNb>
            <TwnNm>Port Anthonybury</TwnNm>
            <Ctry>PT</Ctry>
          </PstlAdr>
        </Cdtr>
        <CdtrAcct>
          <Id>
            <IBAN>PT45GATE32719374529912</IBAN>
          </Id>
        </CdtrAcct>
        <CdtrAgt>
          <FinInstnId>
            <BIC>JDSAGBTY</BIC>
          </FinInstnId>
        </CdtrAgt>
        <Purp>
          <Cd>SALA</Cd>
        </Purp>
        <RmtInf>
          <Ustrd>Walk cup option store drug recent.</Ustrd>
        </RmtInf>
      </CdtTrfTxInf>
      <CdtTrfTxInf>
        <PmtId>
          <InstrId>INSTR-13</InstrId>
          <EndToEndId>E2E-6f32f1ce7f</EndToEndId>
        </PmtId>
        <Amt>
          <InstdAmt Ccy="PLN">37732.93</InstdAmt>
        </Amt>
        <Cdtr>
          <Nm>Jeffrey Wood</Nm>
          <PstlAdr>
            <StrtNm>Smith Manor</StrtNm>
            <BldgNb>101</BldgNb>
            <TwnNm>Garciastad</TwnNm>
            <Ctry>DE</Ctry>
          </PstlAdr>
        </Cdtr>
        <CdtrAcct>
          <Id>
            <IBAN>DE43UOWE62849877694531</IBAN>
          </Id>
        </CdtrAcct>
        <CdtrAgt>
          <FinInstnId>
            <BIC>IOHYGB3Y</BIC>
          </FinInstnId>
        </CdtrAgt>
        <Purp>
          <Cd>TAXS</Cd>
        </Purp>
        <RmtInf>
          <Ustrd>Building court build movie several.</Ustrd>
        </RmtInf>
      </CdtTrfTxInf>
      <CdtTrfTxInf>
        <PmtId>
          <InstrId>INSTR-14</InstrId>
          <EndToEndId>E2E-8d071781e8</EndToEndId>
        </PmtId>
        <Amt>
          <InstdAmt Ccy="EUR">1294.37</InstdAmt>
        </Amt>
        <Cdtr>
          <Nm>Linda Hooper</Nm>
          <PstlAdr>
            <StrtNm>Kenneth Lake</StrtNm>
            <BldgNb>59</BldgNb>
            <TwnNm>West Alexis</TwnNm>
            <Ctry>BE</Ctry>
          </PstlAdr>
        </Cdtr>
        <CdtrAcct>
          <Id>
            <IBAN>BE92REIB08427109477752</IBAN>
          </Id>
        </CdtrAcct>
        <CdtrAgt>
          <FinInstnId>
            <BIC>BIPDGBEZ</BIC>
          </FinInstnId>
        </CdtrAgt>
        <Purp>
          <Cd>SUPP</Cd>
        </Purp>
        <RmtInf>
          <Ustrd>Newspaper indicate other peace.</Ustrd>
        </RmtInf>
      </CdtTrfTxInf>
      <CdtTrfTxInf>
        <PmtId>
          <InstrId>INSTR-15</InstrId>
          <EndToEndId>E2E-f55f5df86c</EndToEndId>
        </PmtId>
        <Amt>
          <InstdAmt Ccy="CAD">14348.75</InstdAmt>
        </Amt>
        <Cdtr>
          <Nm>Annette Farmer</Nm>
          <PstlAdr>
            <StrtNm>Joseph Common</StrtNm>
            <BldgNb>189</BldgNb>
            <TwnNm>East Glenn</TwnNm>
            <Ctry>PT</Ctry>
          </PstlAdr>
        </Cdtr>
        <CdtrAcct>
          <Id>
            <IBAN>PT30CFAN79740344713493</IBAN>
          </Id>
        </CdtrAcct>
        <CdtrAgt>
          <FinInstnId>
            <BIC>NDRHGBJR</BIC>
          </FinInstnId>
        </CdtrAgt>
        <Purp>
          <Cd>TRAD</Cd>
        </Purp>
        <RmtInf>
          <Ustrd>Author coach film see.</Ustrd>
        </RmtInf>
      </CdtTrfTxInf>
      <CdtTrfTxInf>
        <PmtId>
          <InstrId>INSTR-16</InstrId>
          <EndToEndId>E2E-973216dd9b</EndToEndId>
        </PmtId>
        <Amt>
          <InstdAmt Ccy="USD">2039.93</InstdAmt>
        </Amt>
        <Cdtr>
          <Nm>Kyle Preston</Nm>
          <PstlAdr>
            <StrtNm>Munoz Burg</StrtNm>
            <BldgNb>170</BldgNb>
            <TwnNm>East Suzanneshire</TwnNm>
            <Ctry>ES</Ctry>
          </PstlAdr>
        </Cdtr>
        <CdtrAcct>
          <Id>
            <IBAN>ES27SAYV49027874296717</IBAN>
          </Id>
        </CdtrAcct>
        <CdtrAgt>
          <FinInstnId>
            <BIC>LNKKGBGK</BIC>
          </FinInstnId>
        </CdtrAgt>
        <Purp>
          <Cd>TRAD</Cd>
        </Purp>
        <RmtInf>
          <Ustrd>In many production hundred set already.</Ustrd>
        </RmtInf>
      </CdtTrfTxInf>
      <CdtTrfTxInf>
        <PmtId>
          <InstrId>INSTR-17</InstrId>
          <EndToEndId>E2E-c8bea618c9</EndToEndId>
        </PmtId>
        <Amt>
          <InstdAmt Ccy="PLN">41012.67</InstdAmt>
        </Amt>
        <Cdtr>
          <Nm>Virginia Sandoval</Nm>
          <PstlAdr>
            <StrtNm>Gutierrez Field</StrtNm>
            <BldgNb>14</BldgNb>
            <TwnNm>Cindyfort</TwnNm>
            <Ctry>BE</Ctry>
          </PstlAdr>
        </Cdtr>
        <CdtrAcct>
          <Id>
            <IBAN>BE91UOYB34824771093248</IBAN>
          </Id>
        </CdtrAcct>
        <CdtrAgt>
          <FinInstnId>
            <BIC>ARNCGBOH</BIC>
          </FinInstnId>
        </CdtrAgt>
        <Purp>
          <Cd>SUPP</Cd>
        </Purp>
        <RmtInf>
          <Ustrd>Everybody so increase various.</Ustrd>
        </RmtInf>
      </CdtTrfTxInf>
      <CdtTrfTxInf>
        <PmtId>
          <InstrId>INSTR-18</InstrId>
          <EndToEndId>E2E-4c05c2b307</EndToEndId>
        </PmtId>
        <Amt>
          <InstdAmt Ccy="PLN">30041.16</InstdAmt>
        </Amt>
        <Cdtr>
          <Nm>John Cook</Nm>
          <PstlAdr>
            <StrtNm>Gibson Islands</StrtNm>
            <BldgNb>107</BldgNb>
            <TwnNm>Lake John</TwnNm>
            <Ctry>FR</Ctry>
          </PstlAdr>
        </Cdtr>
        <CdtrAcct>
          <Id>
            <IBAN>FR47MHYN05766270289517</IBAN>
          </Id>
        </CdtrAcct>
        <CdtrAgt>
          <FinInstnId>
            <BIC>DQOAGBJ0</BIC>
          </FinInstnId>
        </CdtrAgt>
        <Purp>
          <Cd>TRAD</Cd>
        </Purp>
        <RmtInf>
          <Ustrd>Avoid sit enter perhaps.</Ustrd>
        </RmtInf>
      </CdtTrfTxInf>
      <CdtTrfTxInf>
        <PmtId>
          <InstrId>INSTR-19</InstrId>
          <EndToEndId>E2E-6587fcb091</EndToEndId>
        </PmtId>
        <Amt>
          <InstdAmt Ccy="CHF">5248.98</InstdAmt>
        </Amt>
        <Cdtr>
          <Nm>Olivia Brennan</Nm>
          <PstlAdr>
            <StrtNm>Christina Freeway</StrtNm>
            <BldgNb>39</BldgNb>
            <TwnNm>Wendyland</TwnNm>
            <Ctry>BE</Ctry>
          </PstlAdr>
        </Cdtr>
        <CdtrAcct>
          <Id>
            <IBAN>BE29NDYU17240050455623</IBAN>
          </Id>
        </CdtrAcct>
        <CdtrAgt>
          <FinInstnId>
            <BIC>QNSVGBLK</BIC>
          </FinInstnId>
        </CdtrAgt>
        <Purp>
          <Cd>DIVD</Cd>
        </Purp>
        <RmtInf>
          <Ustrd>Bad that people drive.</Ustrd>
        </RmtInf>
      </CdtTrfTxInf>
      <CdtTrfTxInf>
        <PmtId>
          <InstrId>INSTR-20</InstrId>
          <EndToEndId>E2E-c7cd4f7695</EndToEndId>
        </PmtId>
        <Amt>
          <InstdAmt Ccy="GBP">6398.92</InstdAmt>
        </Amt>
        <Cdtr>
          <Nm>Jeremy Reed</Nm>
          <PstlAdr>
            <StrtNm>Fowler Manors</StrtNm>
            <BldgNb>23</BldgNb>
            <TwnNm>Stephenport</TwnNm>
            <Ctry>IT</Ctry>
          </PstlAdr>
        </Cdtr>
        <CdtrAcct>
          <Id>
            <IBAN>IT82GMPD36959440640909</IBAN>
          </Id>
        </CdtrAcct>
        <CdtrAgt>
          <FinInstnId>
            <BIC>XPJYGBOW</BIC>
          </FinInstnId>
        </CdtrAgt>
        <Purp>
          <Cd>SALA</Cd>
        </Purp>
        <RmtInf>
          <Ustrd>Pm per question return process.</Ustrd>
        </RmtInf>
      </CdtTrfTxInf>
      <CdtTrfTxInf>
        <PmtId>
          <InstrId>INSTR-21</InstrId>
          <EndToEndId>E2E-c1487d71b5</EndToEndId>
        </PmtId>
        <Amt>
          <InstdAmt Ccy="CHF">324.79</InstdAmt>
        </Amt>
        <Cdtr>
          <Nm>Kevin Oconnor</Nm>
          <PstlAdr>
            <StrtNm>Renee Islands</StrtNm>
            <BldgNb>131</BldgNb>
            <TwnNm>Thompsonberg</TwnNm>
            <Ctry>ES</Ctry>
          </PstlAdr>
        </Cdtr>
        <CdtrAcct>
          <Id>
            <IBAN>ES59ZRLQ84247451712368</IBAN>
          </Id>
        </CdtrAcct>
        <CdtrAgt>
          <FinInstnId>
            <BIC>LCZMGBAQ</BIC>
          </FinInstnId>
        </CdtrAgt>
        <Purp>
          <Cd>DIVD</Cd>
        </Purp>
        <RmtInf>
          <Ustrd>Buy happy see energy herself police he.</Ustrd>
        </RmtInf>
      </CdtTrfTxInf>
      <CdtTrfTxInf>
        <PmtId>
          <InstrId>INSTR-22</InstrId>
          <EndToEndId>E2E-01c6a5f59f</EndToEndId>
        </PmtId>
        <Amt>
          <InstdAmt Ccy="GBP">7508.15</InstdAmt>
        </Amt>
        <Cdtr>
          <Nm>Madison Marshall</Nm>
          <PstlAdr>
            <StrtNm>Banks Crescent</StrtNm>
            <BldgNb>130</BldgNb>
            <TwnNm>North Sophia</TwnNm>
            <Ctry>NL</Ctry>
          </PstlAdr>
        </Cdtr>
        <CdtrAcct>
          <Id>
            <IBAN>NL19JPDD38267586926179</IBAN>
          </Id>
        </CdtrAcct>
        <CdtrAgt>
          <FinInstnId>
            <BIC>NIBWGBXN</BIC>
          </FinInstnId>
        </CdtrAgt>
        <Purp>
          <Cd>TRAD</Cd>
        </Purp>
        <RmtInf>
          <Ustrd>Know door guy wonder happen top.</Ustrd>
        </RmtInf>
      </CdtTrfTxInf>
      <CdtTrfTxInf>
        <PmtId>
          <InstrId>INSTR-23</InstrId>
          <EndToEndId>E2E-21056b49b4</EndToEndId>
        </PmtId>
        <Amt>
          <InstdAmt Ccy="GBP">7952.02</InstdAmt>
        </Amt>
        <Cdtr>
          <Nm>Mark Maddox</Nm>
          <PstlAdr>
            <StrtNm>Kristin Gardens</StrtNm>
            <BldgNb>107</BldgNb>
            <TwnNm>Port Anne</TwnNm>
            <Ctry>PT</Ctry>
          </PstlAdr>
        </Cdtr>
        <CdtrAcct>
          <Id>
            <IBAN>PT61CYRG93352904228421</IBAN>
          </Id>
        </CdtrAcct>
        <CdtrAgt>
          <FinInstnId>
            <BIC>VAEAGBWP</BIC>
          </FinInstnId>
        </CdtrAgt>
        <Purp>
          <Cd>SUPP</Cd>
        </Purp>
        <RmtInf>
          <Ustrd>Leader who article look husband.</Ustrd>
        </RmtInf>
      </CdtTrfTxInf>
      <CdtTrfTxInf>
        <PmtId>
          <InstrId>INSTR-24</InstrId>
          <EndToEndId>E2E-411f5009d1</EndToEndId>
        </PmtId>
        <Amt>
          <InstdAmt Ccy="GBP">2548.74</InstdAmt>
        </Amt>
        <Cdtr>
          <Nm>Ana Hill</Nm>
          <PstlAdr>
            <StrtNm>James Ranch</StrtNm>
            <BldgNb>74</BldgNb>
            <TwnNm>Shawnchester</TwnNm>
            <Ctry>GB</Ctry>
          </PstlAdr>
        </Cdtr>
        <CdtrAcct>
          <Id>
            <IBAN>GB67DZWD83673657661565</IBAN>
          </Id>
        </CdtrAcct>
        <CdtrAgt>
          <FinInstnId>
            <BIC>VILEGB4E</BIC>
          </FinInstnId>
        </CdtrAgt>
        <Purp>
          <Cd>SUPP</Cd>
        </Purp>
        <RmtInf>
          <Ustrd>Story behavior benefit school.</Ustrd>
        </RmtInf>
      </CdtTrfTxInf>
      <CdtTrfTxInf>
        <PmtId>
          <InstrId>INSTR-25</InstrId>
          <EndToEndId>E2E-ccc30dec27</EndToEndId>
        </PmtId>
        <Amt>
          <InstdAmt Ccy="CHF">8700.21</InstdAmt>
        </Amt>
        <Cdtr>
          <Nm>Hayden Ortega</Nm>
          <PstlAdr>
            <StrtNm>Parrish Stravenue</StrtNm>
            <BldgNb>70</BldgNb>
            <TwnNm>West Carolinestad</TwnNm>
            <Ctry>IT</Ctry>
          </PstlAdr>
        </Cdtr>
        <CdtrAcct>
          <Id>
            <IBAN>IT55DSQG27315851493689</IBAN>
          </Id>
        </CdtrAcct>
        <CdtrAgt>
          <FinInstnId>
            <BIC>TVURGBBR</BIC>
          </FinInstnId>
        </CdtrAgt>
        <Purp>
          <Cd>TRAD</Cd>
        </Purp>
        <RmtInf>
          <Ustrd>Congress reflect finally.</Ustrd>
        </RmtInf>
      </CdtTrfTxInf>
      <CdtTrfTxInf>
        <PmtId>
          <InstrId>INSTR-26</InstrId>
          <EndToEndId>E2E-fed6d0f9d2</EndToEndId>
        </PmtId>
        <Amt>
          <InstdAmt Ccy="EUR">4538.90</InstdAmt>
        </Amt>
        <Cdtr>
          <Nm>Anna Moreno</Nm>
          <PstlAdr>
            <StrtNm>Barnes Junctions</StrtNm>
            <BldgNb>135</BldgNb>
            <TwnNm>West Larry</TwnNm>
            <Ctry>PL</Ctry>
          </PstlAdr>
        </Cdtr>
        <CdtrAcct>
          <Id>
            <IBAN>PL60KYST10229014767976</IBAN>
          </Id>
        </CdtrAcct>
        <CdtrAgt>
          <FinInstnId>
            <BIC>IGYQGBHW</BIC>
          </FinInstnId>
        </CdtrAgt>
        <Purp>
          <Cd>TRAD</Cd>
        </Purp>
        <RmtInf>
          <Ustrd>Book question or money final determine.</Ustrd>
        </RmtInf>
      </CdtTrfTxInf>
      <CdtTrfTxInf>
        <PmtId>
          <InstrId>INSTR-27</InstrId>
          <EndToEndId>E2E-3628e10da7</EndToEndId>
        </PmtId>
        <Amt>
          <InstdAmt Ccy="CAD">9362.61</InstdAmt>
        </Amt>
        <Cdtr>
          <Nm>Carl Patel</Nm>
          <PstlAdr>
            <StrtNm>Vincent Village</StrtNm>
            <BldgNb>91</BldgNb>
            <TwnNm>Charleston</TwnNm>
            <Ctry>FR</Ctry>
          </PstlAdr>
        </Cdtr>
        <CdtrAcct>
          <Id>
            <IBAN>FR23NAOC59696641605297</IBAN>
          </Id>
        </CdtrAcct>
        <CdtrAgt>
          <FinInstnId>
            <BIC>WLCNGBGP</BIC>
          </FinInstnId>
        </CdtrAgt>
        <Purp>
          <Cd>PENS</Cd>
        </Purp>
        <RmtInf>
          <Ustrd>Open model how financial fund four.</Ustrd>
        </RmtInf>
      </CdtTrfTxInf>
      <CdtTrfTxInf>
        <PmtId>
          <InstrId>INSTR-28</InstrId>
          <EndToEndId>E2E-f5efd3c447</EndToEndId>
        </PmtId>
        <Amt>
          <InstdAmt Ccy="USD">9697.94</InstdAmt>
        </Amt>
        <Cdtr>
          <Nm>Heather Mullen</Nm>
          <PstlAdr>
            <StrtNm>Joel Drive</StrtNm>
            <BldgNb>140</BldgNb>
            <TwnNm>Jamesberg</TwnNm>
            <Ctry>DE</Ctry>
          </PstlAdr>
        </Cdtr>
        <CdtrAcct>
          <Id>
            <IBAN>DE97YYUC27799799552717</IBAN>
          </Id>
        </CdtrAcct>
        <CdtrAgt>
          <FinInstnId>
            <BIC>OUJZGBRD</BIC>
          </FinInstnId>
        </CdtrAgt>
        <Purp>
          <Cd>PENS</Cd>
        </Purp>
        <RmtInf>
          <Ustrd>Medical financial later arm story baby.</Ustrd>
        </RmtInf>
      </CdtTrfTxInf>
      <CdtTrfTxInf>
        <PmtId>
          <InstrId>INSTR-29</InstrId>
          <EndToEndId>E2E-1949a507d2</EndToEndId>
        </PmtId>
        <Amt>
          <InstdAmt Ccy="PLN">6663.07</InstdAmt>
        </Amt>
        <Cdtr>
          <Nm>Stephanie Cole</Nm>
          <PstlAdr>
            <StrtNm>Marc Mountains</StrtNm>
            <BldgNb>185</BldgNb>
            <TwnNm>North Shannon</TwnNm>
            <Ctry>PL</Ctry>
          </PstlAdr>
        </Cdtr>
        <CdtrAcct>
          <Id>
            <IBAN>PL81ZKWC82037788925546</IBAN>
          </Id>
        </CdtrAcct>
        <CdtrAgt>
          <FinInstnId>
            <BIC>NYKVGBDV</BIC>
          </FinInstnId>
        </CdtrAgt>
        <Purp>
          <Cd>DIVD</Cd>
        </Purp>
        <RmtInf>
          <Ustrd>Form newspaper hit edge.</Ustrd>
        </RmtInf>
      </CdtTrfTxInf>
    </PmtInf>
  </CstmrCdtTrfInitn>
</Document>
