<?xml version='1.0' encoding='UTF-8'?>
<Document xmlns="urn:iso:std:iso:20022:tech:xsd:pain.001.001.12">
  <CstmrCdtTrfInitn>
    <GrpHdr>
      <MsgId>MSG3-2885d723</MsgId>
      <CreDtTm>2025-10-10T17:36:40+00:00</CreDtTm>
      <NbOfTxs>51</NbOfTxs>
      <InitgPty>
        <Nm>Kelly Garcia</Nm>
      </InitgPty>
      <CtrlSum>239829.93</CtrlSum>
    </GrpHdr>
    <PmtInf>
      <PmtInfId>PMT-463efb</PmtInfId>
      <PmtMtd>TRF</PmtMtd>
      <ReqdExctnDt>2025-09-17</ReqdExctnDt>
      <Dbtr>
        <Nm>Kelly Garcia</Nm>
      </Dbtr>
      <DbtrAcct>
        <Id>
          <IBAN>DE93SYAQ33428013875927</IBAN>
        </Id>
      </DbtrAcct>
      <DbtrAgt>
        <FinInstnId>
          <BIC>VDFLGBY1</BIC>
        </FinInstnId>
      </DbtrAgt>
      <CdtTrfTxInf>
        <PmtId>
          <InstrId>INSTR-1</InstrId>
          <EndToEndId>E2E-1f7ff8df97</EndToEndId>
        </PmtId>
        <Amt>
          <InstdAmt Ccy="USD">2164.60</InstdAmt>
        </Amt>
        <Cdtr>
          <Nm>Darren Rodriguez</Nm>
          <PstlAdr>
            <StrtNm>Martinez Creek</StrtNm>
            <BldgNb>31</BldgNb>
            <TwnNm>South Kathryn</TwnNm>
            <Ctry>FR</Ctry>
          </PstlAdr>
        </Cdtr>
        <CdtrAcct>
          <Id>
            <IBAN>FR25WJRX01571647947386</IBAN>
          </Id>
        </CdtrAcct>
        <CdtrAgt>
          <FinInstnId>
            <BIC>JNGCGB4X</BIC>
          </FinInstnId>
        </CdtrAgt>
        <Purp>
          <Cd>INTC</Cd>
        </Purp>
        <RmtInf>
          <Ustrd>Actually purpose public how.</Ustrd>
        </RmtInf>
      </CdtTrfTxInf>
      <CdtTrfTxInf>
        <PmtId>
          <InstrId>INSTR-2</InstrId>
          <EndToEndId>E2E-81095a45ca</EndToEndId>
        </PmtId>
        <Amt>
          <InstdAmt Ccy="GBP">5510.85</InstdAmt>
        </Amt>
        <Cdtr>
          <Nm>Amy Hester</Nm>
          <PstlAdr>
            <StrtNm>Gonzalez Vista</StrtNm>
            <BldgNb>162</BldgNb>
            <TwnNm>Martinezchester</TwnNm>
            <Ctry>FR</Ctry>
          </PstlAdr>
        </Cdtr>
        <CdtrAcct>
          <Id>
            <IBAN>FR64XPIY99465796784271</IBAN>
          </Id>
        </CdtrAcct>
        <CdtrAgt>
          <FinInstnId>
            <BIC>DIPPGBOI</BIC>
          </FinInstnId>
        </CdtrAgt>
        <Purp>
          <Cd>SALA</Cd>
        </Purp>
        <RmtInf>
          <Ustrd>Between apply attention.</Ustrd>
        </RmtInf>
      </CdtTrfTxInf>
      <CdtTrfTxInf>
        <PmtId>
          <InstrId>INSTR-3</InstrId>
          <EndToEndId>E2E-62d183c531</EndToEndId>
        </PmtId>
        <Amt>
          <InstdAmt Ccy="CHF">4200.90</InstdAmt>
        </Amt>
        <Cdtr>
          <Nm>Marco Davis</Nm>
          <PstlAdr>
            <StrtNm>Donna Pike</StrtNm>
            <BldgNb>123</BldgNb>
            <TwnNm>Sparksborough</TwnNm>
            <Ctry>PL</Ctry>
          </PstlAdr>
        </Cdtr>
        <CdtrAcct>
          <Id>
            <IBAN>PL16JVPP84858800616756</IBAN>
          </Id>
        </CdtrAcct>
        <CdtrAgt>
          <FinInstnId>
            <BIC>OOBBGBL9</BIC>
          </FinInstnId>
        </CdtrAgt>
        <Purp>
          <Cd>SALA</Cd>
        </Purp>
        <RmtInf>
          <Ustrd>Those clearly issue fine home.</Ustrd>
        </RmtInf>
      </CdtTrfTxInf>
      <CdtTrfTxInf>
        <PmtId>
          <InstrId>INSTR-4</InstrId>
          <EndToEndId>E2E-215ae42dad</EndToEndId>
        </PmtId>
        <Amt>
          <InstdAmt Ccy="GBP">3651.42</InstdAmt>
        </Amt>
        <Cdtr>
          <Nm>Justin Moore</Nm>
          <PstlAdr>
            <StrtNm>Peter Park</StrtNm>
            <BldgNb>188</BldgNb>
            <TwnNm>Jensenstad</TwnNm>
            <Ctry>IT</Ctry>
          </PstlAdr>
        </Cdtr>
        <CdtrAcct>
          <Id>
            <IBAN>IT93YJKB09025590561655</IBAN>
          </Id>
        </CdtrAcct>
        <CdtrAgt>
          <FinInstnId>
            <BIC>NLBVGBPP</BIC>
          </FinInstnId>
        </CdtrAgt>
        <Purp>
          <Cd>PENS</Cd>
        </Purp>
        <RmtInf>
          <Ustrd>Possible or travel assume figure.</Ustrd>
        </RmtInf>
      </CdtTrfTxInf>
      <CdtTrfTxInf>
        <PmtId>
          <InstrId>INSTR-5</InstrId>
          <EndToEndId>E2E-90cebcea14</EndToEndId>
        </PmtId>
        <Amt>
          <InstdAmt Ccy="CHF">5384.24</InstdAmt>
        </Amt>
        <Cdtr>
          <Nm>Alex Harrison</Nm>
          <PstlAdr>
            <StrtNm>Valerie Lane</StrtNm>
            <BldgNb>3</BldgNb>
            <TwnNm>Morrisville</TwnNm>
            <Ctry>FR</Ctry>
          </PstlAdr>
        </Cdtr>
        <CdtrAcct>
          <Id>
            <IBAN>FR92ZPDW35785294563718</IBAN>
          </Id>
        </CdtrAcct>
        <CdtrAgt>
          <FinInstnId>
            <BIC>GJIBGBTZ</BIC>
          </FinInstnId>
        </CdtrAgt>
        <Purp>
          <Cd>SALA</Cd>
        </Purp>
        <RmtInf>
          <Ustrd>Person when response official option.</Ustrd>
        </RmtInf>
      </CdtTrfTxInf>
      <CdtTrfTxInf>
        <PmtId>
          <InstrId>INSTR-6</InstrId>
          <EndToEndId>E2E-7757bbbb4b</EndToEndId>
        </PmtId>
        <Amt>
          <InstdAmt Ccy="CAD">4320.04</InstdAmt>
        </Amt>
        <Cdtr>
          <Nm>Elizabeth Brock</Nm>
          <PstlAdr>
            <StrtNm>Alvarado Island</StrtNm>
            <BldgNb>158</BldgNb>
            <TwnNm>South Richard</TwnNm>
            <Ctry>ES</Ctry>
          </PstlAdr>
        </Cdtr>
        <CdtrAcct>
          <Id>
            <IBAN>ES31TQOV82082973748969</IBAN>
          </Id>
        </CdtrAcct>
        <CdtrAgt>
          <FinInstnId>
            <BIC>XUBQGBMX</BIC>
          </FinInstnId>
        </CdtrAgt>
        <Purp>
          <Cd>TAXS</Cd>
        </Purp>
        <RmtInf>
          <Ustrd>Plant suffer environment expert.</Ustrd>
        </RmtInf>
      </CdtTrfTxInf>
      <CdtTrfTxInf>
        <PmtId>
          <InstrId>INSTR-7</InstrId>
          <EndToEndId>E2E-ac4835a2b3</EndToEndId>
        </PmtId>
        <Amt>
          <InstdAmt Ccy="EUR">5565.94</InstdAmt>
        </Amt>
        <Cdtr>
          <Nm>David Wilcox</Nm>
          <PstlAdr>
            <StrtNm>Washington Mews</StrtNm>
            <BldgNb>134</BldgNb>
            <TwnNm>Lucaston</TwnNm>
            <Ctry>PT</Ctry>
          </PstlAdr>
        </Cdtr>
        <CdtrAcct>
          <Id>
            <IBAN>PT71GFIE04482070015941</IBAN>
          </Id>
        </CdtrAcct>
        <CdtrAgt>
          <FinInstnId>
            <BIC>NLVVGBFZ</BIC>
          </FinInstnId>
        </CdtrAgt>
        <Purp>
          <Cd>SALA</Cd>
        </Purp>
        <RmtInf>
          <Ustrd>Door number matter building.</Ustrd>
        </RmtInf>
      </CdtTrfTxInf>
      <CdtTrfTxInf>
        <PmtId>
          <InstrId>INSTR-8</InstrId>
          <EndToEndId>E2E-3df92bad63</EndToEndId>
        </PmtId>
        <Amt>
          <InstdAmt Ccy="CHF">1050.74</InstdAmt>
        </Amt>
        <Cdtr>
          <Nm>Jean Goodman</Nm>
          <PstlAdr>
            <StrtNm>Selena Forge</StrtNm>
            <BldgNb>193</BldgNb>
            <TwnNm>North Gregory</TwnNm>
            <Ctry>PT</Ctry>
          </PstlAdr>
        </Cdtr>
        <CdtrAcct>
          <Id>
            <IBAN>PT88IONI90785158673425</IBAN>
          </Id>
        </CdtrAcct>
        <CdtrAgt>
          <FinInstnId>
            <BIC>PWLJGBBC</BIC>
          </FinInstnId>
        </CdtrAgt>
        <Purp>
          <Cd>DIVD</Cd>
        </Purp>
        <RmtInf>
          <Ustrd>Real small dream.</Ustrd>
        </RmtInf>
      </CdtTrfTxInf>
      <CdtTrfTxInf>
        <PmtId>
          <InstrId>INSTR-9</InstrId>
          <EndToEndId>E2E-d6e7d80d69</EndToEndId>
        </PmtId>
        <Amt>
          <InstdAmt Ccy="JPY">548488.17</InstdAmt>
        </Amt>
        <Cdtr>
          <Nm>Adam Yu</Nm>
          <PstlAdr>
            <StrtNm>Turner View</StrtNm>
            <BldgNb>198</BldgNb>
            <TwnNm>West Jason</TwnNm>
            <Ctry>FR</Ctry>
          </PstlAdr>
        </Cdtr>
        <CdtrAcct>
          <Id>
            <IBAN>FR98FOUK60417765612481</IBAN>
          </Id>
        </CdtrAcct>
        <CdtrAgt>
          <FinInstnId>
            <BIC>LNTXGB9U</BIC>
          </FinInstnId>
        </CdtrAgt>
        <Purp>
          <Cd>GOVT</Cd>
        </Purp>
        <RmtInf>
          <Ustrd>Pick finish bank citizen might.</Ustrd>
        </RmtInf>
      </CdtTrfTxInf>
      <CdtTrfTxInf>
        <PmtId>
          <InstrId>INSTR-10</InstrId>
          <EndToEndId>E2E-4e76b5311d</EndToEndId>
        </PmtId>
        <Amt>
          <InstdAmt Ccy="CAD">9208.36</InstdAmt>
        </Amt>
        <Cdtr>
          <Nm>Nicholas Green</Nm>
          <PstlAdr>
            <StrtNm>Marsh Flat</StrtNm>
            <BldgNb>98</BldgNb>
            <TwnNm>South Michaelfurt</TwnNm>
            <Ctry>BE</Ctry>
          </PstlAdr>
        </Cdtr>
        <CdtrAcct>
          <Id>
            <IBAN>BE53MSHA08931734206969</IBAN>
          </Id>
        </CdtrAcct>
        <CdtrAgt>
          <FinInstnId>
            <BIC>IECLGBKH</BIC>
          </FinInstnId>
        </CdtrAgt>
        <Purp>
          <Cd>DIVD</Cd>
        </Purp>
        <RmtInf>
          <Ustrd>Responsibility itself turn.</Ustrd>
        </RmtInf>
      </CdtTrfTxInf>
      <CdtTrfTxInf>
        <PmtId>
          <InstrId>INSTR-11</InstrId>
          <EndToEndId>E2E-54462c53f2</EndToEndId>
        </PmtId>
        <Amt>
          <InstdAmt Ccy="USD">3842.47</InstdAmt>
        </Amt>
        <Cdtr>
          <Nm>Janet Reynolds</Nm>
          <PstlAdr>
            <StrtNm>Carol View</StrtNm>
            <BldgNb>2</BldgNb>
            <TwnNm>Jessicaborough</TwnNm>
            <Ctry>GB</Ctry>
          </PstlAdr>
        </Cdtr>
        <CdtrAcct>
          <Id>
            <IBAN>GB16NFNZ20443973597107</IBAN>
          </Id>
        </CdtrAcct>
        <CdtrAgt>
          <FinInstnId>
            <BIC>EKWMGBNY</BIC>
          </FinInstnId>
        </CdtrAgt>
        <Purp>
          <Cd>GOVT</Cd>
        </Purp>
        <RmtInf>
          <Ustrd>Save eight believe arrive four dog.</Ustrd>
        </RmtInf>
      </CdtTrfTxInf>
      <CdtTrfTxInf>
        <PmtId>
          <InstrId>INSTR-12</InstrId>
          <EndToEndId>E2E-886bd07b1b</EndToEndId>
        </PmtId>
        <Amt>
          <InstdAmt Ccy="CAD">2197.47</InstdAmt>
        </Amt>
        <Cdtr>
          <Nm>Manuel Turner</Nm>
          <PstlAdr>
            <StrtNm>Lambert Curve</StrtNm>
            <BldgNb>36</BldgNb>
            <TwnNm>New Harryburgh</TwnNm>
            <Ctry>PL</Ctry>
          </PstlAdr>
        </Cdtr>
        <CdtrAcct>
          <Id>
            <IBAN>PL51QPKO21586241502745</IBAN>
          </Id>
        </CdtrAcct>
        <CdtrAgt>
          <FinInstnId>
            <BIC>NJITGBQ7</BIC>
          </FinInstnId>
        </CdtrAgt>
        <Purp>
          <Cd>DIVD</Cd>
        </Purp>
        <RmtInf>
          <Ustrd>Job close say man wear new.</Ustrd>
        </RmtInf>
      </CdtTrfTxInf>
      <CdtTrfTxInf>
        <PmtId>
          <InstrId>INSTR-13</InstrId>
          <EndToEndId>E2E-28f7a537b4</EndToEndId>
        </PmtId>
        <Amt>
          <InstdAmt Ccy="USD">5287.76</InstdAmt>
        </Amt>
        <Cdtr>
          <Nm>Zachary Ho</Nm>
          <PstlAdr>
            <StrtNm>Scott Station</StrtNm>
            <BldgNb>113</BldgNb>
            <TwnNm>Ellisville</TwnNm>
            <Ctry>FR</Ctry>
          </PstlAdr>
        </Cdtr>
        <CdtrAcct>
          <Id>
            <IBAN>FR32XEDL13422849939089</IBAN>
          </Id>
        </CdtrAcct>
        <CdtrAgt>
          <FinInstnId>
            <BIC>FNCHGB5G</BIC>
          </FinInstnId>
        </CdtrAgt>
        <Purp>
          <Cd>DIVD</Cd>
        </Purp>
        <RmtInf>
          <Ustrd>Ago race quite hour opportunity week.</Ustrd>
        </RmtInf>
      </CdtTrfTxInf>
      <CdtTrfTxInf>
        <PmtId>
          <InstrId>INSTR-14</InstrId>
          <EndToEndId>E2E-1914077ea1</EndToEndId>
        </PmtId>
        <Amt>
          <InstdAmt Ccy="PLN">40686.19</InstdAmt>
        </Amt>
        <Cdtr>
          <Nm>Abigail Booker</Nm>
          <PstlAdr>
            <StrtNm>Nguyen Street</StrtNm>
            <BldgNb>137</BldgNb>
            <TwnNm>East Michelle</TwnNm>
            <Ctry>IT</Ctry>
          </PstlAdr>
        </Cdtr>
        <CdtrAcct>
          <Id>
            <IBAN>IT68ZUJK01896164236103</IBAN>
          </Id>
        </CdtrAcct>
        <CdtrAgt>
          <FinInstnId>
            <BIC>FMYMGBSJ</BIC>
          </FinInstnId>
        </CdtrAgt>
        <Purp>
          <Cd>INTC</Cd>
        </Purp>
        <RmtInf>
          <Ustrd>Fear song save TV.</Ustrd>
        </RmtInf>
      </CdtTrfTxInf>
      <CdtTrfTxInf>
        <PmtId>
          <InstrId>INSTR-15</InstrId>
          <EndToEndId>E2E-1bd2b6be1f</EndToEndId>
        </PmtId>
        <Amt>
          <InstdAmt Ccy="GBP">3606.80</InstdAmt>
        </Amt>
        <Cdtr>
          <Nm>Peter Shepherd</Nm>
          <PstlAdr>
            <StrtNm>Ryan Meadow</StrtNm>
            <BldgNb>113</BldgNb>
            <TwnNm>North Williammouth</TwnNm>
            <Ctry>PT</Ctry>
          </PstlAdr>
        </Cdtr>
        <CdtrAcct>
          <Id>
            <IBAN>PT56VHUV27881476174224</IBAN>
          </Id>
        </CdtrAcct>
        <CdtrAgt>
          <FinInstnId>
            <BIC>HQNJGBD9</BIC>
          </FinInstnId>
        </CdtrAgt>
        <Purp>
          <Cd>TAXS</Cd>
        </Purp>
        <RmtInf>
          <Ustrd>True message member including.</Ustrd>
        </RmtInf>
      </CdtTrfTxInf>
      <CdtTrfTxInf>
        <PmtId>
          <InstrId>INSTR-16</InstrId>
          <EndToEndId>E2E-445aafdbcc</EndToEndId>
        </PmtId>
        <Amt>
          <InstdAmt Ccy="EUR">200.74</InstdAmt>
        </Amt>
        <Cdtr>
          <Nm>Cassie White</Nm>
          <PstlAdr>
            <StrtNm>Williams Mall</StrtNm>
            <BldgNb>162</BldgNb>
            <TwnNm>Leemouth</TwnNm>
            <Ctry>FR</Ctry>
          </PstlAdr>
        </Cdtr>
        <CdtrAcct>
          <Id>
            <IBAN>FR50YVOT45232194168006</IBAN>
          </Id>
        </CdtrAcct>
        <CdtrAgt>
          <FinInstnId>
            <BIC>DAFUGB43</BIC>
          </FinInstnId>
        </CdtrAgt>
        <Purp>
          <Cd>SUPP</Cd>
        </Purp>
        <RmtInf>
          <Ustrd>Than whole own main peace wind.</Ustrd>
        </RmtInf>
      </CdtTrfTxInf>
      <CdtTrfTxInf>
        <PmtId>
          <InstrId>INSTR-17</InstrId>
          <EndToEndId>E2E-8b4bac5adc</EndToEndId>
        </PmtId>
        <Amt>
          <InstdAmt Ccy="JPY">1004623.81</InstdAmt>
        </Amt>
        <Cdtr>
          <Nm>Robert Horton</Nm>
          <PstlAdr>
            <StrtNm>Michele Fords</StrtNm>
            <BldgNb>144</BldgNb>
            <TwnNm>Wongbury</TwnNm>
            <Ctry>FR</Ctry>
          </PstlAdr>
        </Cdtr>
        <CdtrAcct>
          <Id>
            <IBAN>FR56NUZR31472760122777</IBAN>
          </Id>
        </CdtrAcct>
        <CdtrAgt>
          <FinInstnId>
            <BIC>AOSHGBMS</BIC>
          </FinInstnId>
        </CdtrAgt>
        <Purp>
          <Cd>SUPP</Cd>
        </Purp>
        <RmtInf>
          <Ustrd>Stop hot free bill summer it indeed.</Ustrd>
        </RmtInf>
      </CdtTrfTxInf>
      <CdtTrfTxInf>
        <PmtId>
          <InstrId>INSTR-18</InstrId>
          <EndToEndId>E2E-cb86c96466</EndToEndId>
        </PmtId>
        <Amt>
          <InstdAmt Ccy="CHF">3857.25</InstdAmt>
        </Amt>
        <Cdtr>
          <Nm>Meghan Velasquez</Nm>
          <PstlAdr>
            <StrtNm>Hall Circle</StrtNm>
            <BldgNb>37</BldgNb>
            <TwnNm>South Barbaraside</TwnNm>
            <Ctry>ES</Ctry>
          </PstlAdr>
        </Cdtr>
        <CdtrAcct>
          <Id>
            <IBAN>ES26CIUN71795760243757</IBAN>
          </Id>
        </CdtrAcct>
        <CdtrAgt>
          <FinInstnId>
            <BIC>HQHSGBV3</BIC>
          </FinInstnId>
        </CdtrAgt>
        <Purp>
          <Cd>SALA</Cd>
        </Purp>
        <RmtInf>
          <Ustrd>Third rich hospital indicate.</Ustrd>
        </RmtInf>
      </CdtTrfTxInf>
      <CdtTrfTxInf>
        <PmtId>
          <InstrId>INSTR-19</InstrId>
          <EndToEndId>E2E-c22d743778</EndToEndId>
        </PmtId>
        <Amt>
          <InstdAmt Ccy="USD">7213.09</InstdAmt>
        </Amt>
        <Cdtr>
          <Nm>Betty Gonzalez</Nm>
          <PstlAdr>
            <StrtNm>Garcia Mall</StrtNm>
            <BldgNb>52</BldgNb>
            <TwnNm>Torresborough</TwnNm>
            <Ctry>NL</Ctry>
          </PstlAdr>
        </Cdtr>
        <CdtrAcct>
          <Id>
            <IBAN>NL27RBAL45228015619318</IBAN>
          </Id>
        </CdtrAcct>
        <CdtrAgt>
          <FinInstnId>
            <BIC>HPIKGBWC</BIC>
          </FinInstnId>
        </CdtrAgt>
        <Purp>
          <Cd>SALA</Cd>
        </Purp>
        <RmtInf>
          <Ustrd>Statement among black picture.</Ustrd>
        </RmtInf>
      </CdtTrfTxInf>
      <CdtTrfTxInf>
        <PmtId>
          <InstrId>INSTR-20</InstrId>
          <EndToEndId>E2E-29ccff4c41</EndToEndId>
        </PmtId>
        <Amt>
          <InstdAmt Ccy="CAD">3012.94</InstdAmt>
        </Amt>
        <Cdtr>
          <Nm>Annette Holland</Nm>
          <PstlAdr>
            <StrtNm>Fuentes Crossing</StrtNm>
            <BldgNb>147</BldgNb>
            <TwnNm>South Tara</TwnNm>
            <Ctry>PL</Ctry>
          </PstlAdr>
        </Cdtr>
        <CdtrAcct>
          <Id>
            <IBAN>PL10YYAH75482145653286</IBAN>
          </Id>
        </CdtrAcct>
        <CdtrAgt>
          <FinInstnId>
            <BIC>ZHEZGB10</BIC>
          </FinInstnId>
        </CdtrAgt>
        <Purp>
          <Cd>TRAD</Cd>
        </Purp>
        <RmtInf>
          <Ustrd>Together weight might radio want kind.</Ustrd>
        </RmtInf>
      </CdtTrfTxInf>
      <CdtTrfTxInf>
        <PmtId>
          <InstrId>INSTR-21</InstrId>
          <EndToEndId>E2E-c40ff0fb90</EndToEndId>
        </PmtId>
        <Amt>
          <InstdAmt Ccy="USD">9247.81</InstdAmt>
        </Amt>
        <Cdtr>
          <Nm>James Barton</Nm>
          <PstlAdr>
            <StrtNm>Brown Trace</StrtNm>
            <BldgNb>32</BldgNb>
            <TwnNm>Lake Sandraberg</TwnNm>
            <Ctry>PL</Ctry>
          </PstlAdr>
        </Cdtr>
        <CdtrAcct>
          <Id>
            <IBAN>PL68SBUW84668455048926</IBAN>
          </Id>
        </CdtrAcct>
        <CdtrAgt>
          <FinInstnId>
            <BIC>OUGRGB2W</BIC>
          </FinInstnId>
        </CdtrAgt>
        <Purp>
          <Cd>SUPP</Cd>
        </Purp>
        <RmtInf>
          <Ustrd>Simple thing base Mr hope rest.</Ustrd>
        </RmtInf>
      </CdtTrfTxInf>
      <CdtTrfTxInf>
        <PmtId>
          <InstrId>INSTR-22</InstrId>
          <EndToEndId>E2E-f9078ff9f3</EndToEndId>
        </PmtId>
        <Amt>
          <InstdAmt Ccy="EUR">5545.45</InstdAmt>
        </Amt>
        <Cdtr>
          <Nm>Glen Reid</Nm>
          <PstlAdr>
            <StrtNm>Anthony Underpass</StrtNm>
            <BldgNb>65</BldgNb>
            <TwnNm>Johnport</TwnNm>
            <Ctry>PL</Ctry>
          </PstlAdr>
        </Cdtr>
        <CdtrAcct>
          <Id>
            <IBAN>PL53XNQD05485101749075</IBAN>
          </Id>
        </CdtrAcct>
        <CdtrAgt>
          <FinInstnId>
            <BIC>HZXSGB8O</BIC>
          </FinInstnId>
        </CdtrAgt>
        <Purp>
          <Cd>PENS</Cd>
        </Purp>
        <RmtInf>
          <Ustrd>Federal project spring of cause help.</Ustrd>
        </RmtInf>
      </CdtTrfTxInf>
      <CdtTrfTxInf>
        <PmtId>
          <InstrId>INSTR-23</InstrId>
          <EndToEndId>E2E-e59559c641</EndToEndId>
        </PmtId>
        <Amt>
          <InstdAmt Ccy="CHF">44.76</InstdAmt>
        </Amt>
        <Cdtr>
          <Nm>Jeffery Jenkins</Nm>
          <PstlAdr>
            <StrtNm>Bryan Curve</StrtNm>
            <BldgNb>62</BldgNb>
            <TwnNm>Lewisland</TwnNm>
            <Ctry>PT</Ctry>
          </PstlAdr>
        </Cdtr>
        <CdtrAcct>
          <Id>
            <IBAN>PT84LVQM98864976776228</IBAN>
          </Id>
        </CdtrAcct>
        <CdtrAgt>
          <FinInstnId>
            <BIC>EPWOGBI6</BIC>
          </FinInstnId>
        </CdtrAgt>
        <Purp>
          <Cd>TRAD</Cd>
        </Purp>
        <RmtInf>
          <Ustrd>Magazine social central operation any.</Ustrd>
        </RmtInf>
      </CdtTrfTxInf>
      <CdtTrfTxInf>
        <PmtId>
          <InstrId>INSTR-24</InstrId>
          <EndToEndId>E2E-26f8893bff</EndToEndId>
        </PmtId>
        <Amt>
          <InstdAmt Ccy="CAD">10313.24</InstdAmt>
        </Amt>
        <Cdtr>
          <Nm>Seth Butler</Nm>
          <PstlAdr>
            <StrtNm>Knight Junction</StrtNm>
            <BldgNb>175</BldgNb>
            <TwnNm>Alvarezberg</TwnNm>
            <Ctry>BE</Ctry>
          </PstlAdr>
        </Cdtr>
        <CdtrAcct>
          <Id>
            <IBAN>BE84YEQU77725199663658</IBAN>
          </Id>
        </CdtrAcct>
        <CdtrAgt>
          <FinInstnId>
            <BIC>BVOXGBRF</BIC>
          </FinInstnId>
        </CdtrAgt>
        <Purp>
          <Cd>GOVT</Cd>
        </Purp>
        <RmtInf>
          <Ustrd>Religious occur someone religious.</Ustrd>
        </RmtInf>
      </CdtTrfTxInf>
      <CdtTrfTxInf>
        <PmtId>
          <InstrId>INSTR-25</InstrId>
          <EndToEndId>E2E-dde534236e</EndToEndId>
        </PmtId>
        <Amt>
          <InstdAmt Ccy="PLN">28851.63</InstdAmt>
        </Amt>
        <Cdtr>
          <Nm>Nicole Shaw</Nm>
          <PstlAdr>
            <StrtNm>David Place</StrtNm>
            <BldgNb>196</BldgNb>
            <TwnNm>North Joshua</TwnNm>
            <Ctry>ES</Ctry>
          </PstlAdr>
        </Cdtr>
        <CdtrAcct>
          <Id>
            <IBAN>ES99GHWS71895690705626</IBAN>
          </Id>
        </CdtrAcct>
        <CdtrAgt>
          <FinInstnId>
            <BIC>AQKMGBQF</BIC>
          </FinInstnId>
        </CdtrAgt>
        <Purp>
          <Cd>DIVD</Cd>
        </Purp>
        <RmtInf>
          <Ustrd>Woman my experience consumer.</Ustrd>
        </RmtInf>
      </CdtTrfTxInf>
      <CdtTrfTxInf>
        <PmtId>
          <InstrId>INSTR-26</InstrId>
          <EndToEndId>E2E-b81d34e32d</EndToEndId>
        </PmtId>
        <Amt>
          <InstdAmt Ccy="GBP">5598.74</InstdAmt>
        </Amt>
        <Cdtr>
          <Nm>Catherine Reeves</Nm>
          <PstlAdr>
            <StrtNm>Price Island</StrtNm>
            <BldgNb>183</BldgNb>
            <TwnNm>South Patricia</TwnNm>
            <Ctry>FR</Ctry>
          </PstlAdr>
        </Cdtr>
        <CdtrAcct>
          <Id>
            <IBAN>FR13IMDB33993788614057</IBAN>
          </Id>
        </CdtrAcct>
        <CdtrAgt>
          <FinInstnId>
            <BIC>RNCPGBB0</BIC>
          </FinInstnId>
        </CdtrAgt>
        <Purp>
          <Cd>PENS</Cd>
        </Purp>
        <RmtInf>
          <Ustrd>Trial affect never only big.</Ustrd>
        </RmtInf>
      </CdtTrfTxInf>
      <CdtTrfTxInf>
        <PmtId>
          <InstrId>INSTR-27</InstrId>
          <EndToEndId>E2E-5eae54d58f</EndToEndId>
        </PmtId>
        <Amt>
          <InstdAmt Ccy="CHF">1807.96</InstdAmt>
        </Amt>
        <Cdtr>
          <Nm>Joshua Jackson</Nm>
          <PstlAdr>
            <StrtNm>Amanda Manors</StrtNm>
            <BldgNb>72</BldgNb>
            <TwnNm>Williamsmouth</TwnNm>
            <Ctry>NL</Ctry>
          </PstlAdr>
        </Cdtr>
        <CdtrAcct>
          <Id>
            <IBAN>NL75TJUF00749465398402</IBAN>
          </Id>
        </CdtrAcct>
        <CdtrAgt>
          <FinInstnId>
            <BIC>XRSCGBTF</BIC>
          </FinInstnId>
        </CdtrAgt>
        <Purp>
          <Cd>INTC</Cd>
        </Purp>
        <RmtInf>
          <Ustrd>Position ability live top.</Ustrd>
        </RmtInf>
      </CdtTrfTxInf>
      <CdtTrfTxInf>
        <PmtId>
          <InstrId>INSTR-28</InstrId>
          <EndToEndId>E2E-fe5598aeaa</EndToEndId>
        </PmtId>
        <Amt>
          <InstdAmt Ccy="EUR">8206.46</InstdAmt>
        </Amt>
        <Cdtr>
          <Nm>Rachel Banks</Nm>
          <PstlAdr>
            <StrtNm>Amanda Village</StrtNm>
            <BldgNb>40</BldgNb>
            <TwnNm>Chambersstad</TwnNm>
            <Ctry>DE</Ctry>
          </PstlAdr>
        </Cdtr>
        <CdtrAcct>
          <Id>
            <IBAN>DE97MTLM20175370304531</IBAN>
          </Id>
        </CdtrAcct>
        <CdtrAgt>
          <FinInstnId>
            <BIC>TUJZGBOO</BIC>
          </FinInstnId>
        </CdtrAgt>
        <Purp>
          <Cd>SUPP</Cd>
        </Purp>
        <RmtInf>
          <Ustrd>Court question yeah realize mouth.</Ustrd>
        </RmtInf>
      </CdtTrfTxInf>
      <CdtTrfTxInf>
        <PmtId>
          <InstrId>INSTR-29</InstrId>
          <EndToEndId>E2E-478fba4682</EndToEndId>
        </PmtId>
        <Amt>
          <InstdAmt Ccy="EUR">4401.17</InstdAmt>
        </Amt>
        <Cdtr>
          <Nm>Sarah Morris</Nm>
          <PstlAdr>
            <StrtNm>Hill Springs</StrtNm>
            <BldgNb>131</BldgNb>
            <TwnNm>Simpsonhaven</TwnNm>
            <Ctry>ES</Ctry>
          </PstlAdr>
        </Cdtr>
        <CdtrAcct>
          <Id>
            <IBAN>ES14YBXH04687506351903</IBAN>
          </Id>
        </CdtrAcct>
        <CdtrAgt>
          <FinInstnId>
            <BIC>WNCHGBMK</BIC>
          </FinInstnId>
        </CdtrAgt>
        <Purp>
          <Cd>DIVD</Cd>
        </Purp>
        <RmtInf>
          <Ustrd>Want simply people shake personal.</Ustrd>
        </RmtInf>
      </CdtTrfTxInf>
      <CdtTrfTxInf>
        <PmtId>
          <InstrId>INSTR-30</InstrId>
          <EndToEndId>E2E-b0ceac9392</EndToEndId>
        </PmtId>
        <Amt>
          <InstdAmt Ccy="USD">9947.89</InstdAmt>
        </Amt>
        <Cdtr>
          <Nm>Amy Bishop</Nm>
          <PstlAdr>
            <StrtNm>Jones Springs</StrtNm>
            <BldgNb>58</BldgNb>
            <TwnNm>New Brettfurt</TwnNm>
            <Ctry>FR</Ctry>
          </PstlAdr>
        </Cdtr>
        <CdtrAcct>
          <Id>
            <IBAN>FR58MDTY63990767699150</IBAN>
          </Id>
        </CdtrAcct>
        <CdtrAgt>
          <FinInstnId>
            <BIC>OQKSGBMG</BIC>
          </FinInstnId>
        </CdtrAgt>
        <Purp>
          <Cd>SALA</Cd>
        </Purp>
        <RmtInf>
          <Ustrd>Activity require or subject.</Ustrd>
        </RmtInf>
      </CdtTrfTxInf>
      <CdtTrfTxInf>
        <PmtId>
          <InstrId>INSTR-31</InstrId>
          <EndToEndId>E2E-8ed7fb880d</EndToEndId>
        </PmtId>
        <Amt>
          <InstdAmt Ccy="GBP">3336.32</InstdAmt>
        </Amt>
        <Cdtr>
          <Nm>Cameron Silva</Nm>
          <PstlAdr>
            <StrtNm>Collins Plains</StrtNm>
            <BldgNb>174</BldgNb>
            <TwnNm>East Terrance</TwnNm>
            <Ctry>IT</Ctry>
          </PstlAdr>
        </Cdtr>
        <CdtrAcct>
          <Id>
            <IBAN>IT30TKJL08920388065333</IBAN>
          </Id>
        </CdtrAcct>
        <CdtrAgt>
          <FinInstnId>
            <BIC>ZCKGGB43</BIC>
          </FinInstnId>
        </CdtrAgt>
        <Purp>
          <Cd>SUPP</Cd>
        </Purp>
        <RmtInf>
          <Ustrd>Many turn police.</Ustrd>
        </RmtInf>
      </CdtTrfTxInf>
      <CdtTrfTxInf>
        <PmtId>
          <InstrId>INSTR-32</InstrId>
          <EndToEndId>E2E-da6b261201</EndToEndId>
        </PmtId>
        <Amt>
          <InstdAmt Ccy="PLN">1386.09</InstdAmt>
        </Amt>
        <Cdtr>
          <Nm>Jamie Ross</Nm>
          <PstlAdr>
            <StrtNm>Michael Cliffs</StrtNm>
            <BldgNb>90</BldgNb>
            <TwnNm>Anthonyville</TwnNm>
            <Ctry>DE</Ctry>
          </PstlAdr>
        </Cdtr>
        <CdtrAcct>
          <Id>
            <IBAN>DE89EJOG95003342342583</IBAN>
          </Id>
        </CdtrAcct>
        <CdtrAgt>
          <FinInstnId>
            <BIC>FGAFGBQG</BIC>
          </FinInstnId>
        </CdtrAgt>
        <Purp>
          <Cd>SALA</Cd>
        </Purp>
        <RmtInf>
          <Ustrd>Story case pressure.</Ustrd>
        </RmtInf>
      </CdtTrfTxInf>
      <CdtTrfTxInf>
        <PmtId>
          <InstrId>INSTR-33</InstrId>
          <EndToEndId>E2E-0bc321dbfa</EndToEndId>
        </PmtId>
        <Amt>
          <InstdAmt Ccy="CHF">8143.60</InstdAmt>
        </Amt>
        <Cdtr>
          <Nm>Christopher Rose</Nm>
          <PstlAdr>
            <StrtNm>Johns Circles</StrtNm>
            <BldgNb>183</BldgNb>
            <TwnNm>East Nicoleberg</TwnNm>
            <Ctry>GB</Ctry>
          </PstlAdr>
        </Cdtr>
        <CdtrAcct>
          <Id>
            <IBAN>GB86ZGGR65596309938425</IBAN>
          </Id>
        </CdtrAcct>
        <CdtrAgt>
          <FinInstnId>
            <BIC>HBUZGBRI</BIC>
          </FinInstnId>
        </CdtrAgt>
        <Purp>
          <Cd>SALA</Cd>
        </Purp>
        <RmtInf>
          <Ustrd>Debate thus later.</Ustrd>
        </RmtInf>
      </CdtTrfTxInf>
      <CdtTrfTxInf>
        <PmtId>
          <InstrId>INSTR-34</InstrId>
          <EndToEndId>E2E-b2b7750fbf</EndToEndId>
        </PmtId>
        <Amt>
          <InstdAmt Ccy="JPY">1549653.11</InstdAmt>
        </Amt>
        <Cdtr>
          <Nm>Joshua Taylor</Nm>
          <PstlAdr>
            <StrtNm>Kenneth Path</StrtNm>
            <BldgNb>140</BldgNb>
            <TwnNm>Jerryton</TwnNm>
            <Ctry>PT</Ctry>
          </PstlAdr>
        </Cdtr>
        <CdtrAcct>
          <Id>
            <IBAN>PT93OQTK67766575460273</IBAN>
          </Id>
        </CdtrAcct>
        <CdtrAgt>
          <FinInstnId>
            <BIC>IUCLGBFS</BIC>
          </FinInstnId>
        </CdtrAgt>
        <Purp>
          <Cd>TAXS</Cd>
        </Purp>
        <RmtInf>
          <Ustrd>Free push economic seat shoulder.</Ustrd>
        </RmtInf>
      </CdtTrfTxInf>
      <CdtTrfTxInf>
        <PmtId>
          <InstrId>INSTR-35</InstrId>
          <EndToEndId>E2E-4d1e44cf2a</EndToEndId>
        </PmtId>
        <Amt>
          <InstdAmt Ccy="USD">2006.35</InstdAmt>
        </Amt>
        <Cdtr>
          <Nm>Debbie Carrillo</Nm>
          <PstlAdr>
            <StrtNm>Short Tunnel</StrtNm>
            <BldgNb>16</BldgNb>
            <TwnNm>Bautistashire</TwnNm>
            <Ctry>PL</Ctry>
          </PstlAdr>
        </Cdtr>
        <CdtrAcct>
          <Id>
            <IBAN>PL76YUAP82633373898775</IBAN>
          </Id>
        </CdtrAcct>
        <CdtrAgt>
          <FinInstnId>
            <BIC>ZCKGGB10</BIC>
          </FinInstnId>
        </CdtrAgt>
        <Purp>
          <Cd>GOVT</Cd>
        </Purp>
        <RmtInf>
          <Ustrd>Just table air catch them.</Ustrd>
        </RmtInf>
      </CdtTrfTxInf>
      <CdtTrfTxInf>
        <PmtId>
          <InstrId>INSTR-36</InstrId>
          <EndToEndId>E2E-48e0ef4239</EndToEndId>
        </PmtId>
        <Amt>
          <InstdAmt Ccy="CAD">8754.16</InstdAmt>
        </Amt>
        <Cdtr>
          <Nm>Michael Powell</Nm>
          <PstlAdr>
            <StrtNm>Nguyen Brooks</StrtNm>
            <BldgNb>191</BldgNb>
            <TwnNm>East Ericmouth</TwnNm>
            <Ctry>ES</Ctry>
          </PstlAdr>
        </Cdtr>
        <CdtrAcct>
          <Id>
            <IBAN>ES90SUZT99663618637159</IBAN>
          </Id>
        </CdtrAcct>
        <CdtrAgt>
          <FinInstnId>
            <BIC>OUJCGBKG</BIC>
          </FinInstnId>
        </CdtrAgt>
        <Purp>
          <Cd>GOVT</Cd>
        </Purp>
        <RmtInf>
          <Ustrd>Do process attorney arm million.</Ustrd>
        </RmtInf>
      </CdtTrfTxInf>
      <CdtTrfTxInf>
        <PmtId>
          <InstrId>INSTR-37</InstrId>
          <EndToEndId>E2E-84d3799b5c</EndToEndId>
        </PmtId>
        <Amt>
          <InstdAmt Ccy="GBP">255.73</InstdAmt>
        </Amt>
        <Cdtr>
          <Nm>Jason Paul</Nm>
          <PstlAdr>
            <StrtNm>Friedman Way</StrtNm>
            <BldgNb>82</BldgNb>
            <TwnNm>East Monica</TwnNm>
            <Ctry>PL</Ctry>
          </PstlAdr>
        </Cdtr>
        <CdtrAcct>
          <Id>
            <IBAN>PL70JNWV72994938743027</IBAN>
          </Id>
        </CdtrAcct>
        <CdtrAgt>
          <FinInstnId>
            <BIC>CMTZGBP7</BIC>
          </FinInstnId>
        </CdtrAgt>
        <Purp>
          <Cd>INTC</Cd>
        </Purp>
        <RmtInf>
          <Ustrd>Travel these least office say explain.</Ustrd>
        </RmtInf>
      </CdtTrfTxInf>
      <CdtTrfTxInf>
        <PmtId>
          <InstrId>INSTR-38</InstrId>
          <EndToEndId>E2E-8f41c753bd</EndToEndId>
        </PmtId>
        <Amt>
          <InstdAmt Ccy="PLN">25969.49</InstdAmt>
        </Amt>
        <Cdtr>
          <Nm>Luke Reynolds</Nm>
          <PstlAdr>
            <StrtNm>Bartlett Falls</StrtNm>
            <BldgNb>135</BldgNb>
            <TwnNm>South Hollyton</TwnNm>
            <Ctry>PL</Ctry>
          </PstlAdr>
        </Cdtr>
        <CdtrAcct>
          <Id>
            <IBAN>PL94HFIU84137681511856</IBAN>
          </Id>
        </CdtrAcct>
        <CdtrAgt>
          <FinInstnId>
            <BIC>OFIGGB6C</BIC>
          </FinInstnId>
        </CdtrAgt>
        <Purp>
          <Cd>TAXS</Cd>
        </Purp>
        <RmtInf>
          <Ustrd>Ago police put left gas human create.</Ustrd>
        </RmtInf>
      </CdtTrfTxInf>
      <CdtTrfTxInf>
        <PmtId>
          <InstrId>INSTR-39</InstrId>
          <EndToEndId>E2E-c12387a707</EndToEndId>
        </PmtId>
        <Amt>
          <InstdAmt Ccy="EUR">426.51</InstdAmt>
        </Amt>
        <Cdtr>
          <Nm>Paul Washington</Nm>
          <PstlAdr>
            <StrtNm>Christopher Shoals</StrtNm>
            <BldgNb>140</BldgNb>
            <TwnNm>Lake Stephanie</TwnNm>
            <Ctry>PL</Ctry>
          </PstlAdr>
        </Cdtr>
        <CdtrAcct>
          <Id>
            <IBAN>PL24EPIF20912418621042</IBAN>
          </Id>
        </CdtrAcct>
        <CdtrAgt>
          <FinInstnId>
            <BIC>OLFGGBC8</BIC>
          </FinInstnId>
        </CdtrAgt>
        <Purp>
          <Cd>GOVT</Cd>
        </Purp>
        <RmtInf>
          <Ustrd>Kind answer play mission production.</Ustrd>
        </RmtInf>
      </CdtTrfTxInf>
      <CdtTrfTxInf>
        <PmtId>
          <InstrId>INSTR-40</InstrId>
          <EndToEndId>E2E-1fd5348e13</EndToEndId>
        </PmtId>
        <Amt>
          <InstdAmt Ccy="EUR">8241.40</InstdAmt>
        </Amt>
        <Cdtr>
          <Nm>Pamela Mcfarland</Nm>
          <PstlAdr>
            <StrtNm>Kerr Flats</StrtNm>
            <BldgNb>55</BldgNb>
            <TwnNm>North Roberttown</TwnNm>
            <Ctry>FR</Ctry>
          </PstlAdr>
        </Cdtr>
        <CdtrAcct>
          <Id>
            <IBAN>FR96KGVV13122068155839</IBAN>
          </Id>
        </CdtrAcct>
        <CdtrAgt>
          <FinInstnId>
            <BIC>GRMNGBHO</BIC>
          </FinInstnId>
        </CdtrAgt>
        <Purp>
          <Cd>INTC</Cd>
        </Purp>
        <RmtInf>
          <Ustrd>Black follow address pressure activity.</Ustrd>
        </RmtInf>
      </CdtTrfTxInf>
      <CdtTrfTxInf>
        <PmtId>
          <InstrId>INSTR-41</InstrId>
          <EndToEndId>E2E-2541fe11c6</EndToEndId>
        </PmtId>
        <Amt>
          <InstdAmt Ccy="USD">5972.66</InstdAmt>
        </Amt>
        <Cdtr>
          <Nm>Daniel Turner</Nm>
          <PstlAdr>
            <StrtNm>Bird Cove</StrtNm>
            <BldgNb>14</BldgNb>
            <TwnNm>West Susan</TwnNm>
            <Ctry>ES</Ctry>
          </PstlAdr>
        </Cdtr>
        <CdtrAcct>
          <Id>
            <IBAN>ES65TKUW62525715099768</IBAN>
          </Id>
        </CdtrAcct>
        <CdtrAgt>
          <FinInstnId>
            <BIC>UXHQGBAO</BIC>
          </FinInstnId>
        </CdtrAgt>
        <Purp>
          <Cd>GOVT</Cd>
        </Purp>
        <RmtInf>
          <Ustrd>Pattern to final.</Ustrd>
        </RmtInf>
      </CdtTrfTxInf>
      <CdtTrfTxInf>
        <PmtId>
          <InstrId>INSTR-42</InstrId>
          <EndToEndId>E2E-76f071cb58</EndToEndId>
        </PmtId>
        <Amt>
          <InstdAmt Ccy="JPY">414925.15</InstdAmt>
        </Amt>
        <Cdtr>
          <Nm>Andrew Mclean</Nm>
          <PstlAdr>
            <StrtNm>Stevenson Isle</StrtNm>
            <BldgNb>61</BldgNb>
            <TwnNm>West Lonnie</TwnNm>
            <Ctry>PT</Ctry>
          </PstlAdr>
        </Cdtr>
        <CdtrAcct>
          <Id>
            <IBAN>PT96ZYBQ64035533803396</IBAN>
          </Id>
        </CdtrAcct>
        <CdtrAgt>
          <FinInstnId>
            <BIC>QKFOGBAE</BIC>
          </FinInstnId>
        </CdtrAgt>
        <Purp>
          <Cd>SALA</Cd>
        </Purp>
        <RmtInf>
          <Ustrd>Door back right find return.</Ustrd>
        </RmtInf>
      </CdtTrfTxInf>
      <CdtTrfTxInf>
        <PmtId>
          <InstrId>INSTR-43</InstrId>
          <EndToEndId>E2E-98a15574a0</EndToEndId>
        </PmtId>
        <Amt>
          <InstdAmt Ccy="CHF">8324.26</InstdAmt>
        </Amt>
        <Cdtr>
          <Nm>Scott Olson</Nm>
          <PstlAdr>
            <StrtNm>Sanders Expressway</StrtNm>
            <BldgNb>18</BldgNb>
            <TwnNm>Alexanderhaven</TwnNm>
            <Ctry>PL</Ctry>
          </PstlAdr>
        </Cdtr>
        <CdtrAcct>
          <Id>
            <IBAN>PL88TXNY27066149828246</IBAN>
          </Id>
        </CdtrAcct>
        <CdtrAgt>
          <FinInstnId>
            <BIC>OJOJGBY9</BIC>
          </FinInstnId>
        </CdtrAgt>
        <Purp>
          <Cd>PENS</Cd>
        </Purp>
        <RmtInf>
          <Ustrd>Meeting major read recent prepare unit.</Ustrd>
        </RmtInf>
      </CdtTrfTxInf>
      <CdtTrfTxInf>
        <PmtId>
          <InstrId>INSTR-44</InstrId>
          <EndToEndId>E2E-c1b1f7b655</EndToEndId>
        </PmtId>
        <Amt>
          <InstdAmt Ccy="USD">8433.51</InstdAmt>
        </Amt>
        <Cdtr>
          <Nm>Maria Green</Nm>
          <PstlAdr>
            <StrtNm>Blackburn Drive</StrtNm>
            <BldgNb>189</BldgNb>
            <TwnNm>Johnshire</TwnNm>
            <Ctry>DE</Ctry>
          </PstlAdr>
        </Cdtr>
        <CdtrAcct>
          <Id>
            <IBAN>DE17VFAD16691836264488</IBAN>
          </Id>
        </CdtrAcct>
        <CdtrAgt>
          <FinInstnId>
            <BIC>VMSJGB0F</BIC>
          </FinInstnId>
        </CdtrAgt>
        <Purp>
          <Cd>SALA</Cd>
        </Purp>
        <RmtInf>
          <Ustrd>Player since general central.</Ustrd>
        </RmtInf>
      </CdtTrfTxInf>
      <CdtTrfTxInf>
        <PmtId>
          <InstrId>INSTR-45</InstrId>
          <EndToEndId>E2E-0b86590738</EndToEndId>
        </PmtId>
        <Amt>
          <InstdAmt Ccy="PLN">15700.24</InstdAmt>
        </Amt>
        <Cdtr>
          <Nm>Benjamin Horton</Nm>
          <PstlAdr>
            <StrtNm>Pena Street</StrtNm>
            <BldgNb>82</BldgNb>
            <TwnNm>Jacksonstad</TwnNm>
            <Ctry>PL</Ctry>
          </PstlAdr>
        </Cdtr>
        <CdtrAcct>
          <Id>
            <IBAN>PL80FWEG72817932302346</IBAN>
          </Id>
        </CdtrAcct>
        <CdtrAgt>
          <FinInstnId>
            <BIC>OUTDGBKF</BIC>
          </FinInstnId>
        </CdtrAgt>
        <Purp>
          <Cd>INTC</Cd>
        </Purp>
        <RmtInf>
          <Ustrd>Beat by ask ahead doctor.</Ustrd>
        </RmtInf>
      </CdtTrfTxInf>
      <CdtTrfTxInf>
        <PmtId>
          <InstrId>INSTR-46</InstrId>
          <EndToEndId>E2E-d894b7b194</EndToEndId>
        </PmtId>
        <Amt>
          <InstdAmt Ccy="GBP">104.05</InstdAmt>
        </Amt>
        <Cdtr>
          <Nm>Joseph Smith</Nm>
          <PstlAdr>
            <StrtNm>Frederick Mountains</StrtNm>
            <BldgNb>47</BldgNb>
            <TwnNm>Cassandramouth</TwnNm>
            <Ctry>FR</Ctry>
          </PstlAdr>
        </Cdtr>
        <CdtrAcct>
          <Id>
            <IBAN>FR36LVKK35669055107620</IBAN>
          </Id>
        </CdtrAcct>
        <CdtrAgt>
          <FinInstnId>
            <BIC>TDQIGBPX</BIC>
          </FinInstnId>
        </CdtrAgt>
        <Purp>
          <Cd>SALA</Cd>
        </Purp>
        <RmtInf>
          <Ustrd>Admit growth animal space for know.</Ustrd>
        </RmtInf>
      </CdtTrfTxInf>
      <CdtTrfTxInf>
        <PmtId>
          <InstrId>INSTR-47</InstrId>
          <EndToEndId>E2E-40f604467e</EndToEndId>
        </PmtId>
        <Amt>
          <InstdAmt Ccy="EUR">7039.15</InstdAmt>
        </Amt>
        <Cdtr>
          <Nm>Ashlee Cruz</Nm>
          <PstlAdr>
            <StrtNm>Jennifer Ways</StrtNm>
            <BldgNb>15</BldgNb>
            <TwnNm>East Tylerland</TwnNm>
            <Ctry>ES</Ctry>
          </PstlAdr>
        </Cdtr>
        <CdtrAcct>
          <Id>
            <IBAN>ES22JVRO27178333211602</IBAN>
          </Id>
        </CdtrAcct>
        <CdtrAgt>
          <FinInstnId>
            <BIC>KMYIGBOQ</BIC>
          </FinInstnId>
        </CdtrAgt>
        <Purp>
          <Cd>PENS</Cd>
        </Purp>
        <RmtInf>
          <Ustrd>The use short over popular help.</Ustrd>
        </RmtInf>
      </CdtTrfTxInf>
      <CdtTrfTxInf>
        <PmtId>
          <InstrId>INSTR-48</InstrId>
          <EndToEndId>E2E-29e7436da3</EndToEndId>
        </PmtId>
        <Amt>
          <InstdAmt Ccy="PLN">45373.85</InstdAmt>
        </Amt>
        <Cdtr>
          <Nm>Brian Peterson</Nm>
          <PstlAdr>
            <StrtNm>Julie Crescent</StrtNm>
            <BldgNb>180</BldgNb>
            <TwnNm>Davidmouth</TwnNm>
            <Ctry>IT</Ctry>
          </PstlAdr>
        </Cdtr>
        <CdtrAcct>
          <Id>
            <IBAN>IT65MSXA40983665528993</IBAN>
          </Id>
        </CdtrAcct>
        <CdtrAgt>
          <FinInstnId>
            <BIC>DMARGB3U</BIC>
          </FinInstnId>
        </CdtrAgt>
        <Purp>
          <Cd>SALA</Cd>
        </Purp>
        <RmtInf>
          <Ustrd>Staff father despite quite.</Ustrd>
        </RmtInf>
      </CdtTrfTxInf>
      <CdtTrfTxInf>
        <PmtId>
          <InstrId>INSTR-49</InstrId>
          <EndToEndId>E2E-1ec5e41c4a</EndToEndId>
        </PmtId>
        <Amt>
          <InstdAmt Ccy="EUR">273.41</InstdAmt>
        </Amt>
        <Cdtr>
          <Nm>Linda Parker</Nm>
          <PstlAdr>
            <StrtNm>Joshua Vista</StrtNm>
            <BldgNb>82</BldgNb>
            <TwnNm>Welchborough</TwnNm>
            <Ctry>IT</Ctry>
          </PstlAdr>
        </Cdtr>
        <CdtrAcct>
          <Id>
            <IBAN>IT62PJWM05233027642086</IBAN>
          </Id>
        </CdtrAcct>
        <CdtrAgt>
          <FinInstnId>
            <BIC>KNVPGBWZ</BIC>
          </FinInstnId>
        </CdtrAgt>
        <Purp>
          <Cd>PENS</Cd>
        </Purp>
        <RmtInf>
          <Ustrd>Author risk executive type red nature.</Ustrd>
        </RmtInf>
      </CdtTrfTxInf>
      <CdtTrfTxInf>
        <PmtId>
          <InstrId>INSTR-50</InstrId>
          <EndToEndId>E2E-aba57ef9e0</EndToEndId>
        </PmtId>
        <Amt>
          <InstdAmt Ccy="USD">5742.57</InstdAmt>
        </Amt>
        <Cdtr>
          <Nm>Michelle Ellis</Nm>
          <PstlAdr>
            <StrtNm>Barbara Mills</StrtNm>
            <BldgNb>165</BldgNb>
            <TwnNm>Carterberg</TwnNm>
            <Ctry>NL</Ctry>
          </PstlAdr>
        </Cdtr>
        <CdtrAcct>
          <Id>
            <IBAN>NL60GGZX30591266201572</IBAN>
          </Id>
        </CdtrAcct>
        <CdtrAgt>
          <FinInstnId>
            <BIC>BDQUGBV1</BIC>
          </FinInstnId>
        </CdtrAgt>
        <Purp>
          <Cd>DIVD</Cd>
        </Purp>
        <RmtInf>
          <Ustrd>Phone identify alone drive.</Ustrd>
        </RmtInf>
      </CdtTrfTxInf>
      <CdtTrfTxInf>
        <PmtId>
          <InstrId>INSTR-51</InstrId>
          <EndToEndId>E2E-300941ba3a</EndToEndId>
        </PmtId>
        <Amt>
          <InstdAmt Ccy="USD">2521.49</InstdAmt>
        </Amt>
        <Cdtr>
          <Nm>John Meyers</Nm>
          <PstlAdr>
            <StrtNm>Hill Shoal</StrtNm>
            <BldgNb>64</BldgNb>
            <TwnNm>Richardsonville</TwnNm>
            <Ctry>DE</Ctry>
          </PstlAdr>
        </Cdtr>
        <CdtrAcct>
          <Id>
            <IBAN>DE97DCDP83099974192676</IBAN>
          </Id>
        </CdtrAcct>
        <CdtrAgt>
          <FinInstnId>
            <BIC>JSEDGBUE</BIC>
          </FinInstnId>
        </CdtrAgt>
        <Purp>
          <Cd>GOVT</Cd>
        </Purp>
        <RmtInf>
          <Ustrd>Congress out conference never.</Ustrd>
        </RmtInf>
      </CdtTrfTxInf>
    </PmtInf>
  </CstmrCdtTrfInitn>
</Document>
