<?xml version='1.0' encoding='UTF-8'?>
<Document xmlns="urn:iso:std:iso:20022:tech:xsd:pain.001.001.12">
  <CstmrCdtTrfInitn>
    <GrpHdr>
      <MsgId>MSG4-372fa632</MsgId>
      <CreDtTm>2025-10-10T17:36:40+00:00</CreDtTm>
      <NbOfTxs>79</NbOfTxs>
      <InitgPty>
        <Nm>William Hunter</Nm>
      </InitgPty>
      <CtrlSum>395764.95</CtrlSum>
    </GrpHdr>
    <PmtInf>
      <PmtInfId>PMT-0bcf08</PmtInfId>
      <PmtMtd>TRF</PmtMtd>
      <ReqdExctnDt>2025-06-16</ReqdExctnDt>
      <Dbtr>
        <Nm>William Hunter</Nm>
      </Dbtr>
      <DbtrAcct>
        <Id>
          <IBAN>DE29LRFN03408487297585</IBAN>
        </Id>
      </DbtrAcct>
      <DbtrAgt>
        <FinInstnId>
          <BIC>TRQGGBGC</BIC>
        </FinInstnId>
      </DbtrAgt>
      <CdtTrfTxInf>
        <PmtId>
          <InstrId>INSTR-1</InstrId>
          <EndToEndId>E2E-fac838f4f5</EndToEndId>
        </PmtId>
        <Amt>
          <InstdAmt Ccy="JPY">970816.47</InstdAmt>
        </Amt>
        <Cdtr>
          <Nm>Cole Evans</Nm>
          <PstlAdr>
            <StrtNm>Susan Rapids</StrtNm>
            <BldgNb>112</BldgNb>
            <TwnNm>New Michael</TwnNm>
            <Ctry>NL</Ctry>
          </PstlAdr>
        </Cdtr>
        <CdtrAcct>
          <Id>
            <IBAN>NL58EXTN18446267146283</IBAN>
          </Id>
        </CdtrAcct>
        <CdtrAgt>
          <FinInstnId>
            <BIC>CUXIGBMX</BIC>
          </FinInstnId>
        </CdtrAgt>
        <Purp>
          <Cd>INTC</Cd>
        </Purp>
        <RmtInf>
          <Ustrd>Who easy establish.</Ustrd>
        </RmtInf>
      </CdtTrfTxInf>
      <CdtTrfTxInf>
        <PmtId>
          <InstrId>INSTR-2</InstrId>
          <EndToEndId>E2E-6e8085e457</EndToEndId>
        </PmtId>
        <Amt>
          <InstdAmt Ccy="USD">8340.08</InstdAmt>
        </Amt>
        <Cdtr>
          <Nm>Courtney Smith</Nm>
          <PstlAdr>
            <StrtNm>Petty Forges</StrtNm>
            <BldgNb>107</BldgNb>
            <TwnNm>Lynnville</TwnNm>
            <Ctry>PL</Ctry>
          </PstlAdr>
        </Cdtr>
        <CdtrAcct>
          <Id>
            <IBAN>PL31FQXJ97185948491025</IBAN>
          </Id>
        </CdtrAcct>
        <CdtrAgt>
          <FinInstnId>
            <BIC>YMFLGB89</BIC>
          </FinInstnId>
        </CdtrAgt>
        <Purp>
          <Cd>SALA</Cd>
        </Purp>
        <RmtInf>
          <Ustrd>Figure teach water image fine.</Ustrd>
        </RmtInf>
      </CdtTrfTxInf>
      <CdtTrfTxInf>
        <PmtId>
          <InstrId>INSTR-3</InstrId>
          <EndToEndId>E2E-2618a53c91</EndToEndId>
        </PmtId>
        <Amt>
          <InstdAmt Ccy="JPY">708878.19</InstdAmt>
        </Amt>
        <Cdtr>
          <Nm>Angela Mitchell</Nm>
          <PstlAdr>
            <StrtNm>Stokes Branch</StrtNm>
            <BldgNb>86</BldgNb>
            <TwnNm>Rhodesberg</TwnNm>
            <Ctry>NL</Ctry>
          </PstlAdr>
        </Cdtr>
        <CdtrAcct>
          <Id>
            <IBAN>NL52PPQV81609306853890</IBAN>
          </Id>
        </CdtrAcct>
        <CdtrAgt>
          <FinInstnId>
            <BIC>TOFVGB7O</BIC>
          </FinInstnId>
        </CdtrAgt>
        <Purp>
          <Cd>INTC</Cd>
        </Purp>
        <RmtInf>
          <Ustrd>Avoid style message weight.</Ustrd>
        </RmtInf>
      </CdtTrfTxInf>
      <CdtTrfTxInf>
        <PmtId>
          <InstrId>INSTR-4</InstrId>
          <EndToEndId>E2E-7ff2222244</EndToEndId>
        </PmtId>
        <Amt>
          <InstdAmt Ccy="PLN">1637.11</InstdAmt>
        </Amt>
        <Cdtr>
          <Nm>Shannon Roberts</Nm>
          <PstlAdr>
            <StrtNm>Carter Forest</StrtNm>
            <BldgNb>166</BldgNb>
            <TwnNm>Lake Crystalfurt</TwnNm>
            <Ctry>BE</Ctry>
          </PstlAdr>
        </Cdtr>
        <CdtrAcct>
          <Id>
            <IBAN>BE82GJUQ07970509754510</IBAN>
          </Id>
        </CdtrAcct>
        <CdtrAgt>
          <FinInstnId>
            <BIC>LXFMGBWA</BIC>
          </FinInstnId>
        </CdtrAgt>
        <Purp>
          <Cd>SALA</Cd>
        </Purp>
        <RmtInf>
          <Ustrd>Issue culture more together.</Ustrd>
        </RmtInf>
      </CdtTrfTxInf>
      <CdtTrfTxInf>
        <PmtId>
          <InstrId>INSTR-5</InstrId>
          <EndToEndId>E2E-b86c78c55a</EndToEndId>
        </PmtId>
        <Amt>
          <InstdAmt Ccy="PLN">44747.55</InstdAmt>
        </Amt>
        <Cdtr>
          <Nm>Jeffrey White</Nm>
          <PstlAdr>
            <StrtNm>Rodriguez Mill</StrtNm>
            <BldgNb>100</BldgNb>
            <TwnNm>Martinstad</TwnNm>
            <Ctry>NL</Ctry>
          </PstlAdr>
        </Cdtr>
        <CdtrAcct>
          <Id>
            <IBAN>NL54XNAL31340266502374</IBAN>
          </Id>
        </CdtrAcct>
        <CdtrAgt>
          <FinInstnId>
            <BIC>DNPRGB5I</BIC>
          </FinInstnId>
        </CdtrAgt>
        <Purp>
          <Cd>SALA</Cd>
        </Purp>
        <RmtInf>
          <Ustrd>Seem sister hundred rise score stay.</Ustrd>
        </RmtInf>
      </CdtTrfTxInf>
      <CdtTrfTxInf>
        <PmtId>
          <InstrId>INSTR-6</InstrId>
          <EndToEndId>E2E-2cd36c1549</EndToEndId>
        </PmtId>
        <Amt>
          <InstdAmt Ccy="JPY">251371.61</InstdAmt>
        </Amt>
        <Cdtr>
          <Nm>Pamela Young</Nm>
          <PstlAdr>
            <StrtNm>Jordan Ranch</StrtNm>
            <BldgNb>96</BldgNb>
            <TwnNm>South Timothyport</TwnNm>
            <Ctry>BE</Ctry>
          </PstlAdr>
        </Cdtr>
        <CdtrAcct>
          <Id>
            <IBAN>BE59PCYN39282341436371</IBAN>
          </Id>
        </CdtrAcct>
        <CdtrAgt>
          <FinInstnId>
            <BIC>WXQTGBLM</BIC>
          </FinInstnId>
        </CdtrAgt>
        <Purp>
          <Cd>GOVT</Cd>
        </Purp>
        <RmtInf>
          <Ustrd>Before anything imagine fill plan.</Ustrd>
        </RmtInf>
      </CdtTrfTxInf>
      <CdtTrfTxInf>
        <PmtId>
          <InstrId>INSTR-7</InstrId>
          <EndToEndId>E2E-4779e52c36</EndToEndId>
        </PmtId>
        <Amt>
          <InstdAmt Ccy="GBP">2470.61</InstdAmt>
        </Amt>
        <Cdtr>
          <Nm>Jack Hahn</Nm>
          <PstlAdr>
            <StrtNm>Wright Causeway</StrtNm>
            <BldgNb>61</BldgNb>
            <TwnNm>North Aaron</TwnNm>
            <Ctry>IT</Ctry>
          </PstlAdr>
        </Cdtr>
        <CdtrAcct>
          <Id>
            <IBAN>IT47VXKG47491624755411</IBAN>
          </Id>
        </CdtrAcct>
        <CdtrAgt>
          <FinInstnId>
            <BIC>VAVRGBIV</BIC>
          </FinInstnId>
        </CdtrAgt>
        <Purp>
          <Cd>SUPP</Cd>
        </Purp>
        <RmtInf>
          <Ustrd>Once beautiful blood picture own.</Ustrd>
        </RmtInf>
      </CdtTrfTxInf>
      <CdtTrfTxInf>
        <PmtId>
          <InstrId>INSTR-8</InstrId>
          <EndToEndId>E2E-bea5a38ae5</EndToEndId>
        </PmtId>
        <Amt>
          <InstdAmt Ccy="JPY">116680.03</InstdAmt>
        </Amt>
        <Cdtr>
          <Nm>Michael Schaefer</Nm>
          <PstlAdr>
            <StrtNm>Shelly River</StrtNm>
            <BldgNb>50</BldgNb>
            <TwnNm>Kevinfort</TwnNm>
            <Ctry>PL</Ctry>
          </PstlAdr>
        </Cdtr>
        <CdtrAcct>
          <Id>
            <IBAN>PL17YGRX20236848557161</IBAN>
          </Id>
        </CdtrAcct>
        <CdtrAgt>
          <FinInstnId>
            <BIC>PNQQGBBK</BIC>
          </FinInstnId>
        </CdtrAgt>
        <Purp>
          <Cd>GOVT</Cd>
        </Purp>
        <RmtInf>
          <Ustrd>Range that will close seek his single.</Ustrd>
        </RmtInf>
      </CdtTrfTxInf>
      <CdtTrfTxInf>
        <PmtId>
          <InstrId>INSTR-9</InstrId>
          <EndToEndId>E2E-e3d5323c72</EndToEndId>
        </PmtId>
        <Amt>
          <InstdAmt Ccy="CAD">10468.10</InstdAmt>
        </Amt>
        <Cdtr>
          <Nm>Kayla Gordon</Nm>
          <PstlAdr>
            <StrtNm>Turner Forges</StrtNm>
            <BldgNb>87</BldgNb>
            <TwnNm>Jeanetteside</TwnNm>
            <Ctry>IT</Ctry>
          </PstlAdr>
        </Cdtr>
        <CdtrAcct>
          <Id>
            <IBAN>IT11DFHB83402424033810</IBAN>
          </Id>
        </CdtrAcct>
        <CdtrAgt>
          <FinInstnId>
            <BIC>ULUTGBXU</BIC>
          </FinInstnId>
        </CdtrAgt>
        <Purp>
          <Cd>INTC</Cd>
        </Purp>
        <RmtInf>
          <Ustrd>Watch this enough card.</Ustrd>
        </RmtInf>
      </CdtTrfTxInf>
      <CdtTrfTxInf>
        <PmtId>
          <InstrId>INSTR-10</InstrId>
          <EndToEndId>E2E-029e79b2b2</EndToEndId>
        </PmtId>
        <Amt>
          <InstdAmt Ccy="JPY">1014589.88</InstdAmt>
        </Amt>
        <Cdtr>
          <Nm>Matthew Parrish</Nm>
          <PstlAdr>
            <StrtNm>Jennifer Spurs</StrtNm>
            <BldgNb>60</BldgNb>
            <TwnNm>Bautistaview</TwnNm>
            <Ctry>PT</Ctry>
          </PstlAdr>
        </Cdtr>
        <CdtrAcct>
          <Id>
            <IBAN>PT12UUTR37354396273652</IBAN>
          </Id>
        </CdtrAcct>
        <CdtrAgt>
          <FinInstnId>
            <BIC>PCPFGB3L</BIC>
          </FinInstnId>
        </CdtrAgt>
        <Purp>
          <Cd>SUPP</Cd>
        </Purp>
        <RmtInf>
          <Ustrd>Country make role positive.</Ustrd>
        </RmtInf>
      </CdtTrfTxInf>
      <CdtTrfTxInf>
        <PmtId>
          <InstrId>INSTR-11</InstrId>
          <EndToEndId>E2E-e981e3646a</EndToEndId>
        </PmtId>
        <Amt>
          <InstdAmt Ccy="CHF">1799.33</InstdAmt>
        </Amt>
        <Cdtr>
          <Nm>Chelsea Thomas</Nm>
          <PstlAdr>
            <StrtNm>Sanchez Rue</StrtNm>
            <BldgNb>146</BldgNb>
            <TwnNm>Garciahaven</TwnNm>
            <Ctry>FR</Ctry>
          </PstlAdr>
        </Cdtr>
        <CdtrAcct>
          <Id>
            <IBAN>FR80EXYZ09166010023142</IBAN>
          </Id>
        </CdtrAcct>
        <CdtrAgt>
          <FinInstnId>
            <BIC>UTAZGBAG</BIC>
          </FinInstnId>
        </CdtrAgt>
        <Purp>
          <Cd>SUPP</Cd>
        </Purp>
        <RmtInf>
          <Ustrd>Film look during myself.</Ustrd>
        </RmtInf>
      </CdtTrfTxInf>
      <CdtTrfTxInf>
        <PmtId>
          <InstrId>INSTR-12</InstrId>
          <EndToEndId>E2E-0e8467644b</EndToEndId>
        </PmtId>
        <Amt>
          <InstdAmt Ccy="USD">4084.70</InstdAmt>
        </Amt>
        <Cdtr>
          <Nm>Sara Thomas</Nm>
          <PstlAdr>
            <StrtNm>Andrew Meadow</StrtNm>
            <BldgNb>71</BldgNb>
            <TwnNm>Hernandezport</TwnNm>
            <Ctry>BE</Ctry>
          </PstlAdr>
        </Cdtr>
        <CdtrAcct>
          <Id>
            <IBAN>BE70HVMV17213145195151</IBAN>
          </Id>
        </CdtrAcct>
        <CdtrAgt>
          <FinInstnId>
            <BIC>BTEFGB17</BIC>
          </FinInstnId>
        </CdtrAgt>
        <Purp>
          <Cd>TAXS</Cd>
        </Purp>
        <RmtInf>
          <Ustrd>Then even material hard enter trade.</Ustrd>
        </RmtInf>
      </CdtTrfTxInf>
      <CdtTrfTxInf>
        <PmtId>
          <InstrId>INSTR-13</InstrId>
          <EndToEndId>E2E-f9ad002227</EndToEndId>
        </PmtId>
        <Amt>
          <InstdAmt Ccy="USD">3817.27</InstdAmt>
        </Amt>
        <Cdtr>
          <Nm>Charles Griffin</Nm>
          <PstlAdr>
            <StrtNm>Briggs Creek</StrtNm>
            <BldgNb>21</BldgNb>
            <TwnNm>Moyerview</TwnNm>
            <Ctry>DE</Ctry>
          </PstlAdr>
        </Cdtr>
        <CdtrAcct>
          <Id>
            <IBAN>DE79ECKE26557676952366</IBAN>
          </Id>
        </CdtrAcct>
        <CdtrAgt>
          <FinInstnId>
            <BIC>RPRRGB58</BIC>
          </FinInstnId>
        </CdtrAgt>
        <Purp>
          <Cd>PENS</Cd>
        </Purp>
        <RmtInf>
          <Ustrd>Dog able yes admit.</Ustrd>
        </RmtInf>
      </CdtTrfTxInf>
      <CdtTrfTxInf>
        <PmtId>
          <InstrId>INSTR-14</InstrId>
          <EndToEndId>E2E-19ef234596</EndToEndId>
        </PmtId>
        <Amt>
          <InstdAmt Ccy="USD">7301.39</InstdAmt>
        </Amt>
        <Cdtr>
          <Nm>Joe Conley</Nm>
          <PstlAdr>
            <StrtNm>Sanchez Views</StrtNm>
            <BldgNb>169</BldgNb>
            <TwnNm>North Julie</TwnNm>
            <Ctry>PL</Ctry>
          </PstlAdr>
        </Cdtr>
        <CdtrAcct>
          <Id>
            <IBAN>PL40DWWE60650191792025</IBAN>
          </Id>
        </CdtrAcct>
        <CdtrAgt>
          <FinInstnId>
            <BIC>ECHCGBA0</BIC>
          </FinInstnId>
        </CdtrAgt>
        <Purp>
          <Cd>INTC</Cd>
        </Purp>
        <RmtInf>
          <Ustrd>She like cell month.</Ustrd>
        </RmtInf>
      </CdtTrfTxInf>
      <CdtTrfTxInf>
        <PmtId>
          <InstrId>INSTR-15</InstrId>
          <EndToEndId>E2E-439a7370d8</EndToEndId>
        </PmtId>
        <Amt>
          <InstdAmt Ccy="CHF">1836.92</InstdAmt>
        </Amt>
        <Cdtr>
          <Nm>Anthony Day</Nm>
          <PstlAdr>
            <StrtNm>Wesley Branch</StrtNm>
            <BldgNb>153</BldgNb>
            <TwnNm>Wallmouth</TwnNm>
            <Ctry>BE</Ctry>
          </PstlAdr>
        </Cdtr>
        <CdtrAcct>
          <Id>
            <IBAN>BE76RWIS84362418623690</IBAN>
          </Id>
        </CdtrAcct>
        <CdtrAgt>
          <FinInstnId>
            <BIC>HMFXGB9E</BIC>
          </FinInstnId>
        </CdtrAgt>
        <Purp>
          <Cd>SALA</Cd>
        </Purp>
        <RmtInf>
          <Ustrd>Board back owner suggest agreement.</Ustrd>
        </RmtInf>
      </CdtTrfTxInf>
      <CdtTrfTxInf>
        <PmtId>
          <InstrId>INSTR-16</InstrId>
          <EndToEndId>E2E-7eb9478f9d</EndToEndId>
        </PmtId>
        <Amt>
          <InstdAmt Ccy="EUR">4094.08</InstdAmt>
        </Amt>
        <Cdtr>
          <Nm>Dakota Hickman</Nm>
          <PstlAdr>
            <StrtNm>Joseph Port</StrtNm>
            <BldgNb>166</BldgNb>
            <TwnNm>New Valeriefort</TwnNm>
            <Ctry>PL</Ctry>
          </PstlAdr>
        </Cdtr>
        <CdtrAcct>
          <Id>
            <IBAN>PL89BBKC40546835652156</IBAN>
          </Id>
        </CdtrAcct>
        <CdtrAgt>
          <FinInstnId>
            <BIC>XQDQGBJB</BIC>
          </FinInstnId>
        </CdtrAgt>
        <Purp>
          <Cd>DIVD</Cd>
        </Purp>
        <RmtInf>
          <Ustrd>This space pressure shoulder claim.</Ustrd>
        </RmtInf>
      </CdtTrfTxInf>
      <CdtTrfTxInf>
        <PmtId>
          <InstrId>INSTR-17</InstrId>
          <EndToEndId>E2E-0fef6e900c</EndToEndId>
        </PmtId>
        <Amt>
          <InstdAmt Ccy="CAD">3490.71</InstdAmt>
        </Amt>
        <Cdtr>
          <Nm>Scott Jordan</Nm>
          <PstlAdr>
            <StrtNm>Allen Ridge</StrtNm>
            <BldgNb>150</BldgNb>
            <TwnNm>East Ashleyfort</TwnNm>
            <Ctry>PT</Ctry>
          </PstlAdr>
        </Cdtr>
        <CdtrAcct>
          <Id>
            <IBAN>PT50DZAE48171752421495</IBAN>
          </Id>
        </CdtrAcct>
        <CdtrAgt>
          <FinInstnId>
            <BIC>LCCFGB3Q</BIC>
          </FinInstnId>
        </CdtrAgt>
        <Purp>
          <Cd>GOVT</Cd>
        </Purp>
        <RmtInf>
          <Ustrd>Teacher husband tax true can happen.</Ustrd>
        </RmtInf>
      </CdtTrfTxInf>
      <CdtTrfTxInf>
        <PmtId>
          <InstrId>INSTR-18</InstrId>
          <EndToEndId>E2E-180a8df039</EndToEndId>
        </PmtId>
        <Amt>
          <InstdAmt Ccy="PLN">31360.00</InstdAmt>
        </Amt>
        <Cdtr>
          <Nm>Natalie Sanchez</Nm>
          <PstlAdr>
            <StrtNm>Eric Cove</StrtNm>
            <BldgNb>171</BldgNb>
            <TwnNm>Nicholasshire</TwnNm>
            <Ctry>DE</Ctry>
          </PstlAdr>
        </Cdtr>
        <CdtrAcct>
          <Id>
            <IBAN>DE79MCHM71577871121663</IBAN>
          </Id>
        </CdtrAcct>
        <CdtrAgt>
          <FinInstnId>
            <BIC>MKCKGBV5</BIC>
          </FinInstnId>
        </CdtrAgt>
        <Purp>
          <Cd>TRAD</Cd>
        </Purp>
        <RmtInf>
          <Ustrd>Reduce live everything although choose.</Ustrd>
        </RmtInf>
      </CdtTrfTxInf>
      <CdtTrfTxInf>
        <PmtId>
          <InstrId>INSTR-19</InstrId>
          <EndToEndId>E2E-6a578b20f0</EndToEndId>
        </PmtId>
        <Amt>
          <InstdAmt Ccy="GBP">1147.28</InstdAmt>
        </Amt>
        <Cdtr>
          <Nm>Veronica Lewis</Nm>
          <PstlAdr>
            <StrtNm>Miranda Trace</StrtNm>
            <BldgNb>102</BldgNb>
            <TwnNm>Nelsonburgh</TwnNm>
            <Ctry>PL</Ctry>
          </PstlAdr>
        </Cdtr>
        <CdtrAcct>
          <Id>
            <IBAN>PL74CECI61476834201654</IBAN>
          </Id>
        </CdtrAcct>
        <CdtrAgt>
          <FinInstnId>
            <BIC>FGLNGB44</BIC>
          </FinInstnId>
        </CdtrAgt>
        <Purp>
          <Cd>SUPP</Cd>
        </Purp>
        <RmtInf>
          <Ustrd>Add to value material first society.</Ustrd>
        </RmtInf>
      </CdtTrfTxInf>
      <CdtTrfTxInf>
        <PmtId>
          <InstrId>INSTR-20</InstrId>
          <EndToEndId>E2E-eb9409f408</EndToEndId>
        </PmtId>
        <Amt>
          <InstdAmt Ccy="USD">2787.10</InstdAmt>
        </Amt>
        <Cdtr>
          <Nm>Laura Johnson</Nm>
          <PstlAdr>
            <StrtNm>Robert Plains</StrtNm>
            <BldgNb>34</BldgNb>
            <TwnNm>New Nicholas</TwnNm>
            <Ctry>FR</Ctry>
          </PstlAdr>
        </Cdtr>
        <CdtrAcct>
          <Id>
            <IBAN>FR63LGGV90550448177665</IBAN>
          </Id>
        </CdtrAcct>
        <CdtrAgt>
          <FinInstnId>
            <BIC>LRNQGBVH</BIC>
          </FinInstnId>
        </CdtrAgt>
        <Purp>
          <Cd>TRAD</Cd>
        </Purp>
        <RmtInf>
          <Ustrd>Learn health need class.</Ustrd>
        </RmtInf>
      </CdtTrfTxInf>
      <CdtTrfTxInf>
        <PmtId>
          <InstrId>INSTR-21</InstrId>
          <EndToEndId>E2E-1217aaf698</EndToEndId>
        </PmtId>
        <Amt>
          <InstdAmt Ccy="CAD">526.39</InstdAmt>
        </Amt>
        <Cdtr>
          <Nm>Shannon Cowan</Nm>
          <PstlAdr>
            <StrtNm>Christopher Brook</StrtNm>
            <BldgNb>107</BldgNb>
            <TwnNm>Garciaside</TwnNm>
            <Ctry>IT</Ctry>
          </PstlAdr>
        </Cdtr>
        <CdtrAcct>
          <Id>
            <IBAN>IT86DUOQ90463378613715</IBAN>
          </Id>
        </CdtrAcct>
        <CdtrAgt>
          <FinInstnId>
            <BIC>ZONUGBZA</BIC>
          </FinInstnId>
        </CdtrAgt>
        <Purp>
          <Cd>TRAD</Cd>
        </Purp>
        <RmtInf>
          <Ustrd>Pull above training allow ago so.</Ustrd>
        </RmtInf>
      </CdtTrfTxInf>
      <CdtTrfTxInf>
        <PmtId>
          <InstrId>INSTR-22</InstrId>
          <EndToEndId>E2E-2eda93f354</EndToEndId>
        </PmtId>
        <Amt>
          <InstdAmt Ccy="PLN">27107.56</InstdAmt>
        </Amt>
        <Cdtr>
          <Nm>Matthew Poole</Nm>
          <PstlAdr>
            <StrtNm>Anderson Roads</StrtNm>
            <BldgNb>188</BldgNb>
            <TwnNm>Maddenburgh</TwnNm>
            <Ctry>NL</Ctry>
          </PstlAdr>
        </Cdtr>
        <CdtrAcct>
          <Id>
            <IBAN>NL53MKQF63128196482531</IBAN>
          </Id>
        </CdtrAcct>
        <CdtrAgt>
          <FinInstnId>
            <BIC>CANAGBJB</BIC>
          </FinInstnId>
        </CdtrAgt>
        <Purp>
          <Cd>DIVD</Cd>
        </Purp>
        <RmtInf>
          <Ustrd>Process piece talk bring.</Ustrd>
        </RmtInf>
      </CdtTrfTxInf>
      <CdtTrfTxInf>
        <PmtId>
          <InstrId>INSTR-23</InstrId>
          <EndToEndId>E2E-d36f7f500e</EndToEndId>
        </PmtId>
        <Amt>
          <InstdAmt Ccy="EUR">8221.61</InstdAmt>
        </Amt>
        <Cdtr>
          <Nm>Cheryl Johnson</Nm>
          <PstlAdr>
            <StrtNm>April Trace</StrtNm>
            <BldgNb>46</BldgNb>
            <TwnNm>East Michelle</TwnNm>
            <Ctry>BE</Ctry>
          </PstlAdr>
        </Cdtr>
        <CdtrAcct>
          <Id>
            <IBAN>BE58DGAK23124473158477</IBAN>
          </Id>
        </CdtrAcct>
        <CdtrAgt>
          <FinInstnId>
            <BIC>NQMGGBQL</BIC>
          </FinInstnId>
        </CdtrAgt>
        <Purp>
          <Cd>INTC</Cd>
        </Purp>
        <RmtInf>
          <Ustrd>Reach thought exactly hotel on.</Ustrd>
        </RmtInf>
      </CdtTrfTxInf>
      <CdtTrfTxInf>
        <PmtId>
          <InstrId>INSTR-24</InstrId>
          <EndToEndId>E2E-aa82daf456</EndToEndId>
        </PmtId>
        <Amt>
          <InstdAmt Ccy="PLN">30978.14</InstdAmt>
        </Amt>
        <Cdtr>
          <Nm>Lisa Patterson</Nm>
          <PstlAdr>
            <StrtNm>Brooks Roads</StrtNm>
            <BldgNb>200</BldgNb>
            <TwnNm>South Garyton</TwnNm>
            <Ctry>BE</Ctry>
          </PstlAdr>
        </Cdtr>
        <CdtrAcct>
          <Id>
            <IBAN>BE92QISN49856012562531</IBAN>
          </Id>
        </CdtrAcct>
        <CdtrAgt>
          <FinInstnId>
            <BIC>GVLLGBJU</BIC>
          </FinInstnId>
        </CdtrAgt>
        <Purp>
          <Cd>SALA</Cd>
        </Purp>
        <RmtInf>
          <Ustrd>Act read response degree.</Ustrd>
        </RmtInf>
      </CdtTrfTxInf>
      <CdtTrfTxInf>
        <PmtId>
          <InstrId>INSTR-25</InstrId>
          <EndToEndId>E2E-b18a770df8</EndToEndId>
        </PmtId>
        <Amt>
          <InstdAmt Ccy="GBP">1427.11</InstdAmt>
        </Amt>
        <Cdtr>
          <Nm>Lawrence Ware</Nm>
          <PstlAdr>
            <StrtNm>Audrey Rue</StrtNm>
            <BldgNb>89</BldgNb>
            <TwnNm>Flemingchester</TwnNm>
            <Ctry>ES</Ctry>
          </PstlAdr>
        </Cdtr>
        <CdtrAcct>
          <Id>
            <IBAN>ES61KKGG07704611729596</IBAN>
          </Id>
        </CdtrAcct>
        <CdtrAgt>
          <FinInstnId>
            <BIC>HSAJGBBA</BIC>
          </FinInstnId>
        </CdtrAgt>
        <Purp>
          <Cd>TAXS</Cd>
        </Purp>
        <RmtInf>
          <Ustrd>Like stop indeed feeling.</Ustrd>
        </RmtInf>
      </CdtTrfTxInf>
      <CdtTrfTxInf>
        <PmtId>
          <InstrId>INSTR-26</InstrId>
          <EndToEndId>E2E-b7b003c1f0</EndToEndId>
        </PmtId>
        <Amt>
          <InstdAmt Ccy="CHF">4570.94</InstdAmt>
        </Amt>
        <Cdtr>
          <Nm>Jordan Allison</Nm>
          <PstlAdr>
            <StrtNm>Megan River</StrtNm>
            <BldgNb>105</BldgNb>
            <TwnNm>North Jeffreytown</TwnNm>
            <Ctry>NL</Ctry>
          </PstlAdr>
        </Cdtr>
        <CdtrAcct>
          <Id>
            <IBAN>NL52EDKW63213580040104</IBAN>
          </Id>
        </CdtrAcct>
        <CdtrAgt>
          <FinInstnId>
            <BIC>CIKWGBYR</BIC>
          </FinInstnId>
        </CdtrAgt>
        <Purp>
          <Cd>SUPP</Cd>
        </Purp>
        <RmtInf>
          <Ustrd>Understand on build floor.</Ustrd>
        </RmtInf>
      </CdtTrfTxInf>
      <CdtTrfTxInf>
        <PmtId>
          <InstrId>INSTR-27</InstrId>
          <EndToEndId>E2E-c5be691011</EndToEndId>
        </PmtId>
        <Amt>
          <InstdAmt Ccy="JPY">1175834.70</InstdAmt>
        </Amt>
        <Cdtr>
          <Nm>Bryan Rose</Nm>
          <PstlAdr>
            <StrtNm>Stanley Harbors</StrtNm>
            <BldgNb>32</BldgNb>
            <TwnNm>Kendrafort</TwnNm>
            <Ctry>BE</Ctry>
          </PstlAdr>
        </Cdtr>
        <CdtrAcct>
          <Id>
            <IBAN>BE39HCIY41583311703037</IBAN>
          </Id>
        </CdtrAcct>
        <CdtrAgt>
          <FinInstnId>
            <BIC>MGPDGBVN</BIC>
          </FinInstnId>
        </CdtrAgt>
        <Purp>
          <Cd>SALA</Cd>
        </Purp>
        <RmtInf>
          <Ustrd>Despite hair window test.</Ustrd>
        </RmtInf>
      </CdtTrfTxInf>
      <CdtTrfTxInf>
        <PmtId>
          <InstrId>INSTR-28</InstrId>
          <EndToEndId>E2E-7506843a94</EndToEndId>
        </PmtId>
        <Amt>
          <InstdAmt Ccy="USD">2659.40</InstdAmt>
        </Amt>
        <Cdtr>
          <Nm>Joel Rodriguez</Nm>
          <PstlAdr>
            <StrtNm>John Mount</StrtNm>
            <BldgNb>189</BldgNb>
            <TwnNm>West Anthony</TwnNm>
            <Ctry>NL</Ctry>
          </PstlAdr>
        </Cdtr>
        <CdtrAcct>
          <Id>
            <IBAN>NL56VQOL41815632686850</IBAN>
          </Id>
        </CdtrAcct>
        <CdtrAgt>
          <FinInstnId>
            <BIC>OILDGBDY</BIC>
          </FinInstnId>
        </CdtrAgt>
        <Purp>
          <Cd>SUPP</Cd>
        </Purp>
        <RmtInf>
          <Ustrd>Race position where detail.</Ustrd>
        </RmtInf>
      </CdtTrfTxInf>
      <CdtTrfTxInf>
        <PmtId>
          <InstrId>INSTR-29</InstrId>
          <EndToEndId>E2E-c41e999eff</EndToEndId>
        </PmtId>
        <Amt>
          <InstdAmt Ccy="CHF">8855.67</InstdAmt>
        </Amt>
        <Cdtr>
          <Nm>Desiree Andrade</Nm>
          <PstlAdr>
            <StrtNm>Myers Courts</StrtNm>
            <BldgNb>157</BldgNb>
            <TwnNm>Lake Madison</TwnNm>
            <Ctry>ES</Ctry>
          </PstlAdr>
        </Cdtr>
        <CdtrAcct>
          <Id>
            <IBAN>ES71WIPG23549401289743</IBAN>
          </Id>
        </CdtrAcct>
        <CdtrAgt>
          <FinInstnId>
            <BIC>FKVCGBKL</BIC>
          </FinInstnId>
        </CdtrAgt>
        <Purp>
          <Cd>TAXS</Cd>
        </Purp>
        <RmtInf>
          <Ustrd>Thing color set act goal.</Ustrd>
        </RmtInf>
      </CdtTrfTxInf>
      <CdtTrfTxInf>
        <PmtId>
          <InstrId>INSTR-30</InstrId>
          <EndToEndId>E2E-bf9dec65a8</EndToEndId>
        </PmtId>
        <Amt>
          <InstdAmt Ccy="JPY">95604.41</InstdAmt>
        </Amt>
        <Cdtr>
          <Nm>Kelly Jackson</Nm>
          <PstlAdr>
            <StrtNm>Kimberly Courts</StrtNm>
            <BldgNb>36</BldgNb>
            <TwnNm>Lindamouth</TwnNm>
            <Ctry>IT</Ctry>
          </PstlAdr>
        </Cdtr>
        <CdtrAcct>
          <Id>
            <IBAN>IT52OPXL84745705458971</IBAN>
          </Id>
        </CdtrAcct>
        <CdtrAgt>
          <FinInstnId>
            <BIC>IVQXGBBJ</BIC>
          </FinInstnId>
        </CdtrAgt>
        <Purp>
          <Cd>SUPP</Cd>
        </Purp>
        <RmtInf>
          <Ustrd>Letter change whom perhaps.</Ustrd>
        </RmtInf>
      </CdtTrfTxInf>
      <CdtTrfTxInf>
        <PmtId>
          <InstrId>INSTR-31</InstrId>
          <EndToEndId>E2E-e360d6c797</EndToEndId>
        </PmtId>
        <Amt>
          <InstdAmt Ccy="CHF">2677.08</InstdAmt>
        </Amt>
        <Cdtr>
          <Nm>Douglas Watkins</Nm>
          <PstlAdr>
            <StrtNm>Tracy Avenue</StrtNm>
            <BldgNb>91</BldgNb>
            <TwnNm>Belltown</TwnNm>
            <Ctry>GB</Ctry>
          </PstlAdr>
        </Cdtr>
        <CdtrAcct>
          <Id>
            <IBAN>GB72BIEL48821423691430</IBAN>
          </Id>
        </CdtrAcct>
        <CdtrAgt>
          <FinInstnId>
            <BIC>PLHZGBY1</BIC>
          </FinInstnId>
        </CdtrAgt>
        <Purp>
          <Cd>DIVD</Cd>
        </Purp>
        <RmtInf>
          <Ustrd>Whom better end few financial nor.</Ustrd>
        </RmtInf>
      </CdtTrfTxInf>
      <CdtTrfTxInf>
        <PmtId>
          <InstrId>INSTR-32</InstrId>
          <EndToEndId>E2E-37e4f1887c</EndToEndId>
        </PmtId>
        <Amt>
          <InstdAmt Ccy="PLN">22271.79</InstdAmt>
        </Amt>
        <Cdtr>
          <Nm>Edward Ho</Nm>
          <PstlAdr>
            <StrtNm>Gardner Lane</StrtNm>
            <BldgNb>65</BldgNb>
            <TwnNm>Davishaven</TwnNm>
            <Ctry>PL</Ctry>
          </PstlAdr>
        </Cdtr>
        <CdtrAcct>
          <Id>
            <IBAN>PL57OWKQ57567667080612</IBAN>
          </Id>
        </CdtrAcct>
        <CdtrAgt>
          <FinInstnId>
            <BIC>TJZHGB6X</BIC>
          </FinInstnId>
        </CdtrAgt>
        <Purp>
          <Cd>PENS</Cd>
        </Purp>
        <RmtInf>
          <Ustrd>Per tonight there apply.</Ustrd>
        </RmtInf>
      </CdtTrfTxInf>
      <CdtTrfTxInf>
        <PmtId>
          <InstrId>INSTR-33</InstrId>
          <EndToEndId>E2E-6e5cbb0a0b</EndToEndId>
        </PmtId>
        <Amt>
          <InstdAmt Ccy="CAD">8234.45</InstdAmt>
        </Amt>
        <Cdtr>
          <Nm>Devin Andersen</Nm>
          <PstlAdr>
            <StrtNm>Matthew Court</StrtNm>
            <BldgNb>161</BldgNb>
            <TwnNm>Arianamouth</TwnNm>
            <Ctry>BE</Ctry>
          </PstlAdr>
        </Cdtr>
        <CdtrAcct>
          <Id>
            <IBAN>BE53BDXS80382872324407</IBAN>
          </Id>
        </CdtrAcct>
        <CdtrAgt>
          <FinInstnId>
            <BIC>TWGDGBEA</BIC>
          </FinInstnId>
        </CdtrAgt>
        <Purp>
          <Cd>SUPP</Cd>
        </Purp>
        <RmtInf>
          <Ustrd>Page building best daughter.</Ustrd>
        </RmtInf>
      </CdtTrfTxInf>
      <CdtTrfTxInf>
        <PmtId>
          <InstrId>INSTR-34</InstrId>
          <EndToEndId>E2E-c3128810f5</EndToEndId>
        </PmtId>
        <Amt>
          <InstdAmt Ccy="CHF">7240.35</InstdAmt>
        </Amt>
        <Cdtr>
          <Nm>Ryan Green</Nm>
          <PstlAdr>
            <StrtNm>Villarreal Ridges</StrtNm>
            <BldgNb>24</BldgNb>
            <TwnNm>South Dustintown</TwnNm>
            <Ctry>NL</Ctry>
          </PstlAdr>
        </Cdtr>
        <CdtrAcct>
          <Id>
            <IBAN>NL52FEXV32883774419754</IBAN>
          </Id>
        </CdtrAcct>
        <CdtrAgt>
          <FinInstnId>
            <BIC>MMWZGBG3</BIC>
          </FinInstnId>
        </CdtrAgt>
        <Purp>
          <Cd>DIVD</Cd>
        </Purp>
        <RmtInf>
          <Ustrd>Spend challenge exist build hope oil.</Ustrd>
        </RmtInf>
      </CdtTrfTxInf>
      <CdtTrfTxInf>
        <PmtId>
          <InstrId>INSTR-35</InstrId>
          <EndToEndId>E2E-ca4ed80e6e</EndToEndId>
        </PmtId>
        <Amt>
          <InstdAmt Ccy="GBP">5693.18</InstdAmt>
        </Amt>
        <Cdtr>
          <Nm>Terry Estes</Nm>
          <PstlAdr>
            <StrtNm>Khan Mount</StrtNm>
            <BldgNb>129</BldgNb>
            <TwnNm>Albertburgh</TwnNm>
            <Ctry>ES</Ctry>
          </PstlAdr>
        </Cdtr>
        <CdtrAcct>
          <Id>
            <IBAN>ES88LQQG58681225957244</IBAN>
          </Id>
        </CdtrAcct>
        <CdtrAgt>
          <FinInstnId>
            <BIC>MCUPGBY4</BIC>
          </FinInstnId>
        </CdtrAgt>
        <Purp>
          <Cd>TAXS</Cd>
        </Purp>
        <RmtInf>
          <Ustrd>Once stop attack ahead run discuss.</Ustrd>
        </RmtInf>
      </CdtTrfTxInf>
      <CdtTrfTxInf>
        <PmtId>
          <InstrId>INSTR-36</InstrId>
          <EndToEndId>E2E-3889cea037</EndToEndId>
        </PmtId>
        <Amt>
          <InstdAmt Ccy="CHF">3474.10</InstdAmt>
        </Amt>
        <Cdtr>
          <Nm>Sylvia Flynn</Nm>
          <PstlAdr>
            <StrtNm>Rachel Extensions</StrtNm>
            <BldgNb>74</BldgNb>
            <TwnNm>Camposchester</TwnNm>
            <Ctry>ES</Ctry>
          </PstlAdr>
        </Cdtr>
        <CdtrAcct>
          <Id>
            <IBAN>ES49CBTI10175902517629</IBAN>
          </Id>
        </CdtrAcct>
        <CdtrAgt>
          <FinInstnId>
            <BIC>RGGIGB52</BIC>
          </FinInstnId>
        </CdtrAgt>
        <Purp>
          <Cd>GOVT</Cd>
        </Purp>
        <RmtInf>
          <Ustrd>Different score its more so.</Ustrd>
        </RmtInf>
      </CdtTrfTxInf>
      <CdtTrfTxInf>
        <PmtId>
          <InstrId>INSTR-37</InstrId>
          <EndToEndId>E2E-6364449570</EndToEndId>
        </PmtId>
        <Amt>
          <InstdAmt Ccy="GBP">4971.50</InstdAmt>
        </Amt>
        <Cdtr>
          <Nm>Stephanie Ward</Nm>
          <PstlAdr>
            <StrtNm>Carroll Way</StrtNm>
            <BldgNb>89</BldgNb>
            <TwnNm>West Jacobhaven</TwnNm>
            <Ctry>PL</Ctry>
          </PstlAdr>
        </Cdtr>
        <CdtrAcct>
          <Id>
            <IBAN>PL10PGGS78559821766191</IBAN>
          </Id>
        </CdtrAcct>
        <CdtrAgt>
          <FinInstnId>
            <BIC>EZQJGBGH</BIC>
          </FinInstnId>
        </CdtrAgt>
        <Purp>
          <Cd>SALA</Cd>
        </Purp>
        <RmtInf>
          <Ustrd>Attack the why avoid offer table.</Ustrd>
        </RmtInf>
      </CdtTrfTxInf>
      <CdtTrfTxInf>
        <PmtId>
          <InstrId>INSTR-38</InstrId>
          <EndToEndId>E2E-dbc9e8f3ec</EndToEndId>
        </PmtId>
        <Amt>
          <InstdAmt Ccy="USD">8201.62</InstdAmt>
        </Amt>
        <Cdtr>
          <Nm>George Green</Nm>
          <PstlAdr>
            <StrtNm>Barron Circle</StrtNm>
            <BldgNb>64</BldgNb>
            <TwnNm>East Amy</TwnNm>
            <Ctry>NL</Ctry>
          </PstlAdr>
        </Cdtr>
        <CdtrAcct>
          <Id>
            <IBAN>NL70XKYV03719905169918</IBAN>
          </Id>
        </CdtrAcct>
        <CdtrAgt>
          <FinInstnId>
            <BIC>PEIXGBCG</BIC>
          </FinInstnId>
        </CdtrAgt>
        <Purp>
          <Cd>TAXS</Cd>
        </Purp>
        <RmtInf>
          <Ustrd>Market different go.</Ustrd>
        </RmtInf>
      </CdtTrfTxInf>
      <CdtTrfTxInf>
        <PmtId>
          <InstrId>INSTR-39</InstrId>
          <EndToEndId>E2E-90ddcced80</EndToEndId>
        </PmtId>
        <Amt>
          <InstdAmt Ccy="USD">1356.46</InstdAmt>
        </Amt>
        <Cdtr>
          <Nm>Shannon Fleming</Nm>
          <PstlAdr>
            <StrtNm>Angela Center</StrtNm>
            <BldgNb>133</BldgNb>
            <TwnNm>Cannonberg</TwnNm>
            <Ctry>NL</Ctry>
          </PstlAdr>
        </Cdtr>
        <CdtrAcct>
          <Id>
            <IBAN>NL38NWNR21719553560331</IBAN>
          </Id>
        </CdtrAcct>
        <CdtrAgt>
          <FinInstnId>
            <BIC>SAHNGB8C</BIC>
          </FinInstnId>
        </CdtrAgt>
        <Purp>
          <Cd>SUPP</Cd>
        </Purp>
        <RmtInf>
          <Ustrd>Their economic arm.</Ustrd>
        </RmtInf>
      </CdtTrfTxInf>
      <CdtTrfTxInf>
        <PmtId>
          <InstrId>INSTR-40</InstrId>
          <EndToEndId>E2E-36bdccefa4</EndToEndId>
        </PmtId>
        <Amt>
          <InstdAmt Ccy="JPY">866493.11</InstdAmt>
        </Amt>
        <Cdtr>
          <Nm>Dana Carter</Nm>
          <PstlAdr>
            <StrtNm>Mendoza Crossing</StrtNm>
            <BldgNb>188</BldgNb>
            <TwnNm>North Johnside</TwnNm>
            <Ctry>DE</Ctry>
          </PstlAdr>
        </Cdtr>
        <CdtrAcct>
          <Id>
            <IBAN>DE11GPWX53745843845881</IBAN>
          </Id>
        </CdtrAcct>
        <CdtrAgt>
          <FinInstnId>
            <BIC>BLNWGB5R</BIC>
          </FinInstnId>
        </CdtrAgt>
        <Purp>
          <Cd>TRAD</Cd>
        </Purp>
        <RmtInf>
          <Ustrd>Data case wish discover.</Ustrd>
        </RmtInf>
      </CdtTrfTxInf>
      <CdtTrfTxInf>
        <PmtId>
          <InstrId>INSTR-41</InstrId>
          <EndToEndId>E2E-1786b9f1fb</EndToEndId>
        </PmtId>
        <Amt>
          <InstdAmt Ccy="USD">10825.05</InstdAmt>
        </Amt>
        <Cdtr>
          <Nm>Brian Porter</Nm>
          <PstlAdr>
            <StrtNm>Joseph Radial</StrtNm>
            <BldgNb>115</BldgNb>
            <TwnNm>Evansland</TwnNm>
            <Ctry>PT</Ctry>
          </PstlAdr>
        </Cdtr>
        <CdtrAcct>
          <Id>
            <IBAN>PT47BITM70667033626804</IBAN>
          </Id>
        </CdtrAcct>
        <CdtrAgt>
          <FinInstnId>
            <BIC>BRYLGBBV</BIC>
          </FinInstnId>
        </CdtrAgt>
        <Purp>
          <Cd>TAXS</Cd>
        </Purp>
        <RmtInf>
          <Ustrd>Special opportunity serious game stop.</Ustrd>
        </RmtInf>
      </CdtTrfTxInf>
      <CdtTrfTxInf>
        <PmtId>
          <InstrId>INSTR-42</InstrId>
          <EndToEndId>E2E-9a099bb15c</EndToEndId>
        </PmtId>
        <Amt>
          <InstdAmt Ccy="JPY">366108.24</InstdAmt>
        </Amt>
        <Cdtr>
          <Nm>Tara Mitchell</Nm>
          <PstlAdr>
            <StrtNm>Coleman Stravenue</StrtNm>
            <BldgNb>183</BldgNb>
            <TwnNm>Franciscofurt</TwnNm>
            <Ctry>GB</Ctry>
          </PstlAdr>
        </Cdtr>
        <CdtrAcct>
          <Id>
            <IBAN>GB84OXHE04413845960945</IBAN>
          </Id>
        </CdtrAcct>
        <CdtrAgt>
          <FinInstnId>
            <BIC>IVIZGBAH</BIC>
          </FinInstnId>
        </CdtrAgt>
        <Purp>
          <Cd>INTC</Cd>
        </Purp>
        <RmtInf>
          <Ustrd>Nothing fly enough condition leg.</Ustrd>
        </RmtInf>
      </CdtTrfTxInf>
      <CdtTrfTxInf>
        <PmtId>
          <InstrId>INSTR-43</InstrId>
          <EndToEndId>E2E-07c79d4f11</EndToEndId>
        </PmtId>
        <Amt>
          <InstdAmt Ccy="CAD">13245.72</InstdAmt>
        </Amt>
        <Cdtr>
          <Nm>Angela Prince</Nm>
          <PstlAdr>
            <StrtNm>Ashley Mill</StrtNm>
            <BldgNb>73</BldgNb>
            <TwnNm>West Katie</TwnNm>
            <Ctry>PT</Ctry>
          </PstlAdr>
        </Cdtr>
        <CdtrAcct>
          <Id>
            <IBAN>PT20IIPE32290310287950</IBAN>
          </Id>
        </CdtrAcct>
        <CdtrAgt>
          <FinInstnId>
            <BIC>RWHBGBQQ</BIC>
          </FinInstnId>
        </CdtrAgt>
        <Purp>
          <Cd>DIVD</Cd>
        </Purp>
        <RmtInf>
          <Ustrd>Question tax government.</Ustrd>
        </RmtInf>
      </CdtTrfTxInf>
      <CdtTrfTxInf>
        <PmtId>
          <InstrId>INSTR-44</InstrId>
          <EndToEndId>E2E-a042715099</EndToEndId>
        </PmtId>
        <Amt>
          <InstdAmt Ccy="JPY">1060761.23</InstdAmt>
        </Amt>
        <Cdtr>
          <Nm>Jorge Young</Nm>
          <PstlAdr>
            <StrtNm>Hudson Village</StrtNm>
            <BldgNb>133</BldgNb>
            <TwnNm>Joneschester</TwnNm>
            <Ctry>PL</Ctry>
          </PstlAdr>
        </Cdtr>
        <CdtrAcct>
          <Id>
            <IBAN>PL58JEAK95565749025042</IBAN>
          </Id>
        </CdtrAcct>
        <CdtrAgt>
          <FinInstnId>
            <BIC>SADTGBNU</BIC>
          </FinInstnId>
        </CdtrAgt>
        <Purp>
          <Cd>SUPP</Cd>
        </Purp>
        <RmtInf>
          <Ustrd>High young bad back.</Ustrd>
        </RmtInf>
      </CdtTrfTxInf>
      <CdtTrfTxInf>
        <PmtId>
          <InstrId>INSTR-45</InstrId>
          <EndToEndId>E2E-28e2c2876b</EndToEndId>
        </PmtId>
        <Amt>
          <InstdAmt Ccy="CAD">7540.20</InstdAmt>
        </Amt>
        <Cdtr>
          <Nm>Shawn Yates</Nm>
          <PstlAdr>
            <StrtNm>Hopkins Pike</StrtNm>
            <BldgNb>152</BldgNb>
            <TwnNm>Stewartborough</TwnNm>
            <Ctry>PT</Ctry>
          </PstlAdr>
        </Cdtr>
        <CdtrAcct>
          <Id>
            <IBAN>PT24SJHK35375137651588</IBAN>
          </Id>
        </CdtrAcct>
        <CdtrAgt>
          <FinInstnId>
            <BIC>CLUPGBO2</BIC>
          </FinInstnId>
        </CdtrAgt>
        <Purp>
          <Cd>TRAD</Cd>
        </Purp>
        <RmtInf>
          <Ustrd>Car term truth toward.</Ustrd>
        </RmtInf>
      </CdtTrfTxInf>
      <CdtTrfTxInf>
        <PmtId>
          <InstrId>INSTR-46</InstrId>
          <EndToEndId>E2E-c3f7c24bac</EndToEndId>
        </PmtId>
        <Amt>
          <InstdAmt Ccy="PLN">6281.94</InstdAmt>
        </Amt>
        <Cdtr>
          <Nm>Lee Rodriguez</Nm>
          <PstlAdr>
            <StrtNm>Charles Knoll</StrtNm>
            <BldgNb>181</BldgNb>
            <TwnNm>Lozanomouth</TwnNm>
            <Ctry>PL</Ctry>
          </PstlAdr>
        </Cdtr>
        <CdtrAcct>
          <Id>
            <IBAN>PL49XNJY72298120995765</IBAN>
          </Id>
        </CdtrAcct>
        <CdtrAgt>
          <FinInstnId>
            <BIC>OFQXGBRG</BIC>
          </FinInstnId>
        </CdtrAgt>
        <Purp>
          <Cd>GOVT</Cd>
        </Purp>
        <RmtInf>
          <Ustrd>Father game nor today oil.</Ustrd>
        </RmtInf>
      </CdtTrfTxInf>
      <CdtTrfTxInf>
        <PmtId>
          <InstrId>INSTR-47</InstrId>
          <EndToEndId>E2E-def3e32abd</EndToEndId>
        </PmtId>
        <Amt>
          <InstdAmt Ccy="EUR">3843.90</InstdAmt>
        </Amt>
        <Cdtr>
          <Nm>Monica Jordan</Nm>
          <PstlAdr>
            <StrtNm>Andrews Ridges</StrtNm>
            <BldgNb>67</BldgNb>
            <TwnNm>Coryport</TwnNm>
            <Ctry>ES</Ctry>
          </PstlAdr>
        </Cdtr>
        <CdtrAcct>
          <Id>
            <IBAN>ES21FDJI77324491342138</IBAN>
          </Id>
        </CdtrAcct>
        <CdtrAgt>
          <FinInstnId>
            <BIC>QYFAGBC8</BIC>
          </FinInstnId>
        </CdtrAgt>
        <Purp>
          <Cd>TAXS</Cd>
        </Purp>
        <RmtInf>
          <Ustrd>Only the detail cultural.</Ustrd>
        </RmtInf>
      </CdtTrfTxInf>
      <CdtTrfTxInf>
        <PmtId>
          <InstrId>INSTR-48</InstrId>
          <EndToEndId>E2E-1b381f3b3a</EndToEndId>
        </PmtId>
        <Amt>
          <InstdAmt Ccy="PLN">20768.91</InstdAmt>
        </Amt>
        <Cdtr>
          <Nm>Nicole Smith</Nm>
          <PstlAdr>
            <StrtNm>Travis Ridge</StrtNm>
            <BldgNb>15</BldgNb>
            <TwnNm>Lake Gregory</TwnNm>
            <Ctry>DE</Ctry>
          </PstlAdr>
        </Cdtr>
        <CdtrAcct>
          <Id>
            <IBAN>DE47NWIT69357824347769</IBAN>
          </Id>
        </CdtrAcct>
        <CdtrAgt>
          <FinInstnId>
            <BIC>LRPJGBGO</BIC>
          </FinInstnId>
        </CdtrAgt>
        <Purp>
          <Cd>GOVT</Cd>
        </Purp>
        <RmtInf>
          <Ustrd>While to shake information.</Ustrd>
        </RmtInf>
      </CdtTrfTxInf>
      <CdtTrfTxInf>
        <PmtId>
          <InstrId>INSTR-49</InstrId>
          <EndToEndId>E2E-6846dfb6da</EndToEndId>
        </PmtId>
        <Amt>
          <InstdAmt Ccy="CHF">7583.00</InstdAmt>
        </Amt>
        <Cdtr>
          <Nm>Patricia Webb</Nm>
          <PstlAdr>
            <StrtNm>Burke Spur</StrtNm>
            <BldgNb>59</BldgNb>
            <TwnNm>North Kelly</TwnNm>
            <Ctry>ES</Ctry>
          </PstlAdr>
        </Cdtr>
        <CdtrAcct>
          <Id>
            <IBAN>ES22QGZN08545667664047</IBAN>
          </Id>
        </CdtrAcct>
        <CdtrAgt>
          <FinInstnId>
            <BIC>XHKUGBCT</BIC>
          </FinInstnId>
        </CdtrAgt>
        <Purp>
          <Cd>TRAD</Cd>
        </Purp>
        <RmtInf>
          <Ustrd>Can music wear again here sister.</Ustrd>
        </RmtInf>
      </CdtTrfTxInf>
      <CdtTrfTxInf>
        <PmtId>
          <InstrId>INSTR-50</InstrId>
          <EndToEndId>E2E-342787bb93</EndToEndId>
        </PmtId>
        <Amt>
          <InstdAmt Ccy="EUR">1897.42</InstdAmt>
        </Amt>
        <Cdtr>
          <Nm>Christopher Nichols</Nm>
          <PstlAdr>
            <StrtNm>Kelly Estates</StrtNm>
            <BldgNb>168</BldgNb>
            <TwnNm>Martinborough</TwnNm>
            <Ctry>BE</Ctry>
          </PstlAdr>
        </Cdtr>
        <CdtrAcct>
          <Id>
            <IBAN>BE80RXHA00818670244033</IBAN>
          </Id>
        </CdtrAcct>
        <CdtrAgt>
          <FinInstnId>
            <BIC>BIXDGBYZ</BIC>
          </FinInstnId>
        </CdtrAgt>
        <Purp>
          <Cd>SALA</Cd>
        </Purp>
        <RmtInf>
          <Ustrd>Stand theory technology baby.</Ustrd>
        </RmtInf>
      </CdtTrfTxInf>
      <CdtTrfTxInf>
        <PmtId>
          <InstrId>INSTR-51</InstrId>
          <EndToEndId>E2E-8c9e921fb5</EndToEndId>
        </PmtId>
        <Amt>
          <InstdAmt Ccy="CAD">1052.59</InstdAmt>
        </Amt>
        <Cdtr>
          <Nm>Rebecca Lee</Nm>
          <PstlAdr>
            <StrtNm>Glover Manors</StrtNm>
            <BldgNb>151</BldgNb>
            <TwnNm>West Joshuaborough</TwnNm>
            <Ctry>NL</Ctry>
          </PstlAdr>
        </Cdtr>
        <CdtrAcct>
          <Id>
            <IBAN>NL94DIUS76461368474883</IBAN>
          </Id>
        </CdtrAcct>
        <CdtrAgt>
          <FinInstnId>
            <BIC>MAPXGBZX</BIC>
          </FinInstnId>
        </CdtrAgt>
        <Purp>
          <Cd>GOVT</Cd>
        </Purp>
        <RmtInf>
          <Ustrd>Poor forward special wish.</Ustrd>
        </RmtInf>
      </CdtTrfTxInf>
      <CdtTrfTxInf>
        <PmtId>
          <InstrId>INSTR-52</InstrId>
          <EndToEndId>E2E-c7e90ddfee</EndToEndId>
        </PmtId>
        <Amt>
          <InstdAmt Ccy="USD">10597.16</InstdAmt>
        </Amt>
        <Cdtr>
          <Nm>Jamie Massey</Nm>
          <PstlAdr>
            <StrtNm>Brian Park</StrtNm>
            <BldgNb>187</BldgNb>
            <TwnNm>Robertmouth</TwnNm>
            <Ctry>DE</Ctry>
          </PstlAdr>
        </Cdtr>
        <CdtrAcct>
          <Id>
            <IBAN>DE46EBKW99604387875357</IBAN>
          </Id>
        </CdtrAcct>
        <CdtrAgt>
          <FinInstnId>
            <BIC>WPQRGBFG</BIC>
          </FinInstnId>
        </CdtrAgt>
        <Purp>
          <Cd>DIVD</Cd>
        </Purp>
        <RmtInf>
          <Ustrd>Thank box those manager phone modern.</Ustrd>
        </RmtInf>
      </CdtTrfTxInf>
      <CdtTrfTxInf>
        <PmtId>
          <InstrId>INSTR-53</InstrId>
          <EndToEndId>E2E-dfe854a736</EndToEndId>
        </PmtId>
        <Amt>
          <InstdAmt Ccy="JPY">188037.93</InstdAmt>
        </Amt>
        <Cdtr>
          <Nm>Edward Weeks</Nm>
          <PstlAdr>
            <StrtNm>Mills Ridges</StrtNm>
            <BldgNb>73</BldgNb>
            <TwnNm>Anneburgh</TwnNm>
            <Ctry>PT</Ctry>
          </PstlAdr>
        </Cdtr>
        <CdtrAcct>
          <Id>
            <IBAN>PT26EJQV39589477352287</IBAN>
          </Id>
        </CdtrAcct>
        <CdtrAgt>
          <FinInstnId>
            <BIC>AKNFGBJ4</BIC>
          </FinInstnId>
        </CdtrAgt>
        <Purp>
          <Cd>DIVD</Cd>
        </Purp>
        <RmtInf>
          <Ustrd>Year accept reduce current.</Ustrd>
        </RmtInf>
      </CdtTrfTxInf>
      <CdtTrfTxInf>
        <PmtId>
          <InstrId>INSTR-54</InstrId>
          <EndToEndId>E2E-71b6d699ab</EndToEndId>
        </PmtId>
        <Amt>
          <InstdAmt Ccy="CAD">2529.30</InstdAmt>
        </Amt>
        <Cdtr>
          <Nm>Gregory Hansen</Nm>
          <PstlAdr>
            <StrtNm>Michael Bridge</StrtNm>
            <BldgNb>63</BldgNb>
            <TwnNm>West Justin</TwnNm>
            <Ctry>IT</Ctry>
          </PstlAdr>
        </Cdtr>
        <CdtrAcct>
          <Id>
            <IBAN>IT37NSXJ59648831921342</IBAN>
          </Id>
        </CdtrAcct>
        <CdtrAgt>
          <FinInstnId>
            <BIC>ISDEGB7Y</BIC>
          </FinInstnId>
        </CdtrAgt>
        <Purp>
          <Cd>TRAD</Cd>
        </Purp>
        <RmtInf>
          <Ustrd>Offer table painting whom say pattern.</Ustrd>
        </RmtInf>
      </CdtTrfTxInf>
      <CdtTrfTxInf>
        <PmtId>
          <InstrId>INSTR-55</InstrId>
          <EndToEndId>E2E-e1e32c622c</EndToEndId>
        </PmtId>
        <Amt>
          <InstdAmt Ccy="GBP">4636.48</InstdAmt>
        </Amt>
        <Cdtr>
          <Nm>Aaron Miller</Nm>
          <PstlAdr>
            <StrtNm>Derrick Valley</StrtNm>
            <BldgNb>46</BldgNb>
            <TwnNm>Colemanfort</TwnNm>
            <Ctry>FR</Ctry>
          </PstlAdr>
        </Cdtr>
        <CdtrAcct>
          <Id>
            <IBAN>FR81KJQY13866675485819</IBAN>
          </Id>
        </CdtrAcct>
        <CdtrAgt>
          <FinInstnId>
            <BIC>GFUIGBJ1</BIC>
          </FinInstnId>
        </CdtrAgt>
        <Purp>
          <Cd>GOVT</Cd>
        </Purp>
        <RmtInf>
          <Ustrd>Talk side generation interest pay then.</Ustrd>
        </RmtInf>
      </CdtTrfTxInf>
      <CdtTrfTxInf>
        <PmtId>
          <InstrId>INSTR-56</InstrId>
          <EndToEndId>E2E-375b5fe058</EndToEndId>
        </PmtId>
        <Amt>
          <InstdAmt Ccy="USD">1015.49</InstdAmt>
        </Amt>
        <Cdtr>
          <Nm>Abigail Collins</Nm>
          <PstlAdr>
            <StrtNm>Rhonda Glen</StrtNm>
            <BldgNb>193</BldgNb>
            <TwnNm>New Joshuaview</TwnNm>
            <Ctry>NL</Ctry>
          </PstlAdr>
        </Cdtr>
        <CdtrAcct>
          <Id>
            <IBAN>NL10UPMB44090797727810</IBAN>
          </Id>
        </CdtrAcct>
        <CdtrAgt>
          <FinInstnId>
            <BIC>LATWGBJL</BIC>
          </FinInstnId>
        </CdtrAgt>
        <Purp>
          <Cd>INTC</Cd>
        </Purp>
        <RmtInf>
          <Ustrd>Bar street budget kitchen.</Ustrd>
        </RmtInf>
      </CdtTrfTxInf>
      <CdtTrfTxInf>
        <PmtId>
          <InstrId>INSTR-57</InstrId>
          <EndToEndId>E2E-17a936cf27</EndToEndId>
        </PmtId>
        <Amt>
          <InstdAmt Ccy="GBP">6507.14</InstdAmt>
        </Amt>
        <Cdtr>
          <Nm>Nancy Cook</Nm>
          <PstlAdr>
            <StrtNm>Hurst Extension</StrtNm>
            <BldgNb>115</BldgNb>
            <TwnNm>Zacharyfurt</TwnNm>
            <Ctry>GB</Ctry>
          </PstlAdr>
        </Cdtr>
        <CdtrAcct>
          <Id>
            <IBAN>GB74NVVB13824127049386</IBAN>
          </Id>
        </CdtrAcct>
        <CdtrAgt>
          <FinInstnId>
            <BIC>FUXAGBTR</BIC>
          </FinInstnId>
        </CdtrAgt>
        <Purp>
          <Cd>TAXS</Cd>
        </Purp>
        <RmtInf>
          <Ustrd>Go game nothing recent not leg break.</Ustrd>
        </RmtInf>
      </CdtTrfTxInf>
      <CdtTrfTxInf>
        <PmtId>
          <InstrId>INSTR-58</InstrId>
          <EndToEndId>E2E-e5868be85d</EndToEndId>
        </PmtId>
        <Amt>
          <InstdAmt Ccy="GBP">6141.26</InstdAmt>
        </Amt>
        <Cdtr>
          <Nm>Christopher Smith</Nm>
          <PstlAdr>
            <StrtNm>Stevens Wells</StrtNm>
            <BldgNb>8</BldgNb>
            <TwnNm>West Mary</TwnNm>
            <Ctry>PT</Ctry>
          </PstlAdr>
        </Cdtr>
        <CdtrAcct>
          <Id>
            <IBAN>PT35UGXY24064242956334</IBAN>
          </Id>
        </CdtrAcct>
        <CdtrAgt>
          <FinInstnId>
            <BIC>GFJIGB2Q</BIC>
          </FinInstnId>
        </CdtrAgt>
        <Purp>
          <Cd>PENS</Cd>
        </Purp>
        <RmtInf>
          <Ustrd>Majority official give politics.</Ustrd>
        </RmtInf>
      </CdtTrfTxInf>
      <CdtTrfTxInf>
        <PmtId>
          <InstrId>INSTR-59</InstrId>
          <EndToEndId>E2E-9c237bb5a7</EndToEndId>
        </PmtId>
        <Amt>
          <InstdAmt Ccy="JPY">1567428.26</InstdAmt>
        </Amt>
        <Cdtr>
          <Nm>Jessica Brewer DDS</Nm>
          <PstlAdr>
            <StrtNm>Clark Squares</StrtNm>
            <BldgNb>113</BldgNb>
            <TwnNm>Christopherborough</TwnNm>
            <Ctry>DE</Ctry>
          </PstlAdr>
        </Cdtr>
        <CdtrAcct>
          <Id>
            <IBAN>DE96IGOI01827279559690</IBAN>
          </Id>
        </CdtrAcct>
        <CdtrAgt>
          <FinInstnId>
            <BIC>KWDUGBWA</BIC>
          </FinInstnId>
        </CdtrAgt>
        <Purp>
          <Cd>INTC</Cd>
        </Purp>
        <RmtInf>
          <Ustrd>Instead friend possible beyond.</Ustrd>
        </RmtInf>
      </CdtTrfTxInf>
      <CdtTrfTxInf>
        <PmtId>
          <InstrId>INSTR-60</InstrId>
          <EndToEndId>E2E-da3bf22496</EndToEndId>
        </PmtId>
        <Amt>
          <InstdAmt Ccy="USD">8451.85</InstdAmt>
        </Amt>
        <Cdtr>
          <Nm>Jessica Ross</Nm>
          <PstlAdr>
            <StrtNm>Johnny Landing</StrtNm>
            <BldgNb>49</BldgNb>
            <TwnNm>Timothyfurt</TwnNm>
            <Ctry>GB</Ctry>
          </PstlAdr>
        </Cdtr>
        <CdtrAcct>
          <Id>
            <IBAN>GB60JBHY81664969028249</IBAN>
          </Id>
        </CdtrAcct>
        <CdtrAgt>
          <FinInstnId>
            <BIC>WQGSGBII</BIC>
          </FinInstnId>
        </CdtrAgt>
        <Purp>
          <Cd>SALA</Cd>
        </Purp>
        <RmtInf>
          <Ustrd>Small approach bed society center get.</Ustrd>
        </RmtInf>
      </CdtTrfTxInf>
      <CdtTrfTxInf>
        <PmtId>
          <InstrId>INSTR-61</InstrId>
          <EndToEndId>E2E-c1919ae22e</EndToEndId>
        </PmtId>
        <Amt>
          <InstdAmt Ccy="GBP">6842.27</InstdAmt>
        </Amt>
        <Cdtr>
          <Nm>Dalton Davis</Nm>
          <PstlAdr>
            <StrtNm>Eric Point</StrtNm>
            <BldgNb>155</BldgNb>
            <TwnNm>Adamburgh</TwnNm>
            <Ctry>PL</Ctry>
          </PstlAdr>
        </Cdtr>
        <CdtrAcct>
          <Id>
            <IBAN>PL41LDPR63767316252654</IBAN>
          </Id>
        </CdtrAcct>
        <CdtrAgt>
          <FinInstnId>
            <BIC>VXNTGBZ8</BIC>
          </FinInstnId>
        </CdtrAgt>
        <Purp>
          <Cd>SUPP</Cd>
        </Purp>
        <RmtInf>
          <Ustrd>Get prove wife agree.</Ustrd>
        </RmtInf>
      </CdtTrfTxInf>
      <CdtTrfTxInf>
        <PmtId>
          <InstrId>INSTR-62</InstrId>
          <EndToEndId>E2E-8f657bbf6d</EndToEndId>
        </PmtId>
        <Amt>
          <InstdAmt Ccy="EUR">7414.53</InstdAmt>
        </Amt>
        <Cdtr>
          <Nm>Jonathan Williams</Nm>
          <PstlAdr>
            <StrtNm>Graham Junction</StrtNm>
            <BldgNb>181</BldgNb>
            <TwnNm>Valdezchester</TwnNm>
            <Ctry>FR</Ctry>
          </PstlAdr>
        </Cdtr>
        <CdtrAcct>
          <Id>
            <IBAN>FR56EJJM70462268171516</IBAN>
          </Id>
        </CdtrAcct>
        <CdtrAgt>
          <FinInstnId>
            <BIC>ZZAFGBUI</BIC>
          </FinInstnId>
        </CdtrAgt>
        <Purp>
          <Cd>DIVD</Cd>
        </Purp>
        <RmtInf>
          <Ustrd>Else plant page sort late health.</Ustrd>
        </RmtInf>
      </CdtTrfTxInf>
      <CdtTrfTxInf>
        <PmtId>
          <InstrId>INSTR-63</InstrId>
          <EndToEndId>E2E-1359368856</EndToEndId>
        </PmtId>
        <Amt>
          <InstdAmt Ccy="GBP">1490.86</InstdAmt>
        </Amt>
        <Cdtr>
          <Nm>Angela Smith</Nm>
          <PstlAdr>
            <StrtNm>Gonzalez Via</StrtNm>
            <BldgNb>19</BldgNb>
            <TwnNm>Grahammouth</TwnNm>
            <Ctry>ES</Ctry>
          </PstlAdr>
        </Cdtr>
        <CdtrAcct>
          <Id>
            <IBAN>ES58JBDP75095465408424</IBAN>
          </Id>
        </CdtrAcct>
        <CdtrAgt>
          <FinInstnId>
            <BIC>LNAOGBUT</BIC>
          </FinInstnId>
        </CdtrAgt>
        <Purp>
          <Cd>PENS</Cd>
        </Purp>
        <RmtInf>
          <Ustrd>Other ground already.</Ustrd>
        </RmtInf>
      </CdtTrfTxInf>
      <CdtTrfTxInf>
        <PmtId>
          <InstrId>INSTR-64</InstrId>
          <EndToEndId>E2E-0b8eca6f84</EndToEndId>
        </PmtId>
        <Amt>
          <InstdAmt Ccy="CHF">6896.50</InstdAmt>
        </Amt>
        <Cdtr>
          <Nm>Wesley Barker</Nm>
          <PstlAdr>
            <StrtNm>Samantha Village</StrtNm>
            <BldgNb>181</BldgNb>
            <TwnNm>Williamsmouth</TwnNm>
            <Ctry>ES</Ctry>
          </PstlAdr>
        </Cdtr>
        <CdtrAcct>
          <Id>
            <IBAN>ES75LBET16815466024161</IBAN>
          </Id>
        </CdtrAcct>
        <CdtrAgt>
          <FinInstnId>
            <BIC>ZGSIGBT6</BIC>
          </FinInstnId>
        </CdtrAgt>
        <Purp>
          <Cd>GOVT</Cd>
        </Purp>
        <RmtInf>
          <Ustrd>Everybody provide painting travel.</Ustrd>
        </RmtInf>
      </CdtTrfTxInf>
      <CdtTrfTxInf>
        <PmtId>
          <InstrId>INSTR-65</InstrId>
          <EndToEndId>E2E-42f5a5f47e</EndToEndId>
        </PmtId>
        <Amt>
          <InstdAmt Ccy="CHF">5143.53</InstdAmt>
        </Amt>
        <Cdtr>
          <Nm>Kyle Daugherty</Nm>
          <PstlAdr>
            <StrtNm>Davis Fork</StrtNm>
            <BldgNb>72</BldgNb>
            <TwnNm>Lake Markland</TwnNm>
            <Ctry>IT</Ctry>
          </PstlAdr>
        </Cdtr>
        <CdtrAcct>
          <Id>
            <IBAN>IT69TJXW97969586780555</IBAN>
          </Id>
        </CdtrAcct>
        <CdtrAgt>
          <FinInstnId>
            <BIC>LOEOGB5N</BIC>
          </FinInstnId>
        </CdtrAgt>
        <Purp>
          <Cd>TAXS</Cd>
        </Purp>
        <RmtInf>
          <Ustrd>Ahead person coach goal it yet age.</Ustrd>
        </RmtInf>
      </CdtTrfTxInf>
      <CdtTrfTxInf>
        <PmtId>
          <InstrId>INSTR-66</InstrId>
          <EndToEndId>E2E-467bb67a53</EndToEndId>
        </PmtId>
        <Amt>
          <InstdAmt Ccy="GBP">8286.36</InstdAmt>
        </Amt>
        <Cdtr>
          <Nm>Sarah Davis</Nm>
          <PstlAdr>
            <StrtNm>Jason Creek</StrtNm>
            <BldgNb>38</BldgNb>
            <TwnNm>Gregoryburgh</TwnNm>
            <Ctry>FR</Ctry>
          </PstlAdr>
        </Cdtr>
        <CdtrAcct>
          <Id>
            <IBAN>FR71YYXM86536945515888</IBAN>
          </Id>
        </CdtrAcct>
        <CdtrAgt>
          <FinInstnId>
            <BIC>MHMPGB3S</BIC>
          </FinInstnId>
        </CdtrAgt>
        <Purp>
          <Cd>TRAD</Cd>
        </Purp>
        <RmtInf>
          <Ustrd>Himself president wind improve.</Ustrd>
        </RmtInf>
      </CdtTrfTxInf>
      <CdtTrfTxInf>
        <PmtId>
          <InstrId>INSTR-67</InstrId>
          <EndToEndId>E2E-5e7bfda0f6</EndToEndId>
        </PmtId>
        <Amt>
          <InstdAmt Ccy="PLN">28361.16</InstdAmt>
        </Amt>
        <Cdtr>
          <Nm>Ms. Monique Dougherty MD</Nm>
          <PstlAdr>
            <StrtNm>Garrett Road</StrtNm>
            <BldgNb>26</BldgNb>
            <TwnNm>Cohenstad</TwnNm>
            <Ctry>FR</Ctry>
          </PstlAdr>
        </Cdtr>
        <CdtrAcct>
          <Id>
            <IBAN>FR56AXTZ68832753273524</IBAN>
          </Id>
        </CdtrAcct>
        <CdtrAgt>
          <FinInstnId>
            <BIC>CAGSGB33</BIC>
          </FinInstnId>
        </CdtrAgt>
        <Purp>
          <Cd>DIVD</Cd>
        </Purp>
        <RmtInf>
          <Ustrd>Raise kitchen drop computer left.</Ustrd>
        </RmtInf>
      </CdtTrfTxInf>
      <CdtTrfTxInf>
        <PmtId>
          <InstrId>INSTR-68</InstrId>
          <EndToEndId>E2E-ec8f684521</EndToEndId>
        </PmtId>
        <Amt>
          <InstdAmt Ccy="CAD">5030.34</InstdAmt>
        </Amt>
        <Cdtr>
          <Nm>Nathan Jones</Nm>
          <PstlAdr>
            <StrtNm>Evelyn Lodge</StrtNm>
            <BldgNb>156</BldgNb>
            <TwnNm>Atkinsland</TwnNm>
            <Ctry>PT</Ctry>
          </PstlAdr>
        </Cdtr>
        <CdtrAcct>
          <Id>
            <IBAN>PT88ZNIW81980770460568</IBAN>
          </Id>
        </CdtrAcct>
        <CdtrAgt>
          <FinInstnId>
            <BIC>UUONGBHG</BIC>
          </FinInstnId>
        </CdtrAgt>
        <Purp>
          <Cd>GOVT</Cd>
        </Purp>
        <RmtInf>
          <Ustrd>Suggest serious often social.</Ustrd>
        </RmtInf>
      </CdtTrfTxInf>
      <CdtTrfTxInf>
        <PmtId>
          <InstrId>INSTR-69</InstrId>
          <EndToEndId>E2E-0a4a7d1858</EndToEndId>
        </PmtId>
        <Amt>
          <InstdAmt Ccy="GBP">1036.94</InstdAmt>
        </Amt>
        <Cdtr>
          <Nm>Mr. Gary Benson</Nm>
          <PstlAdr>
            <StrtNm>Nolan Overpass</StrtNm>
            <BldgNb>102</BldgNb>
            <TwnNm>Port Jordan</TwnNm>
            <Ctry>BE</Ctry>
          </PstlAdr>
        </Cdtr>
        <CdtrAcct>
          <Id>
            <IBAN>BE57JWOK74949022840359</IBAN>
          </Id>
        </CdtrAcct>
        <CdtrAgt>
          <FinInstnId>
            <BIC>LWJJGBKT</BIC>
          </FinInstnId>
        </CdtrAgt>
        <Purp>
          <Cd>INTC</Cd>
        </Purp>
        <RmtInf>
          <Ustrd>Pm agreement deep field once.</Ustrd>
        </RmtInf>
      </CdtTrfTxInf>
      <CdtTrfTxInf>
        <PmtId>
          <InstrId>INSTR-70</InstrId>
          <EndToEndId>E2E-80b371eec0</EndToEndId>
        </PmtId>
        <Amt>
          <InstdAmt Ccy="USD">8102.32</InstdAmt>
        </Amt>
        <Cdtr>
          <Nm>Valerie Schneider</Nm>
          <PstlAdr>
            <StrtNm>Mills Lane</StrtNm>
            <BldgNb>140</BldgNb>
            <TwnNm>Wonghaven</TwnNm>
            <Ctry>NL</Ctry>
          </PstlAdr>
        </Cdtr>
        <CdtrAcct>
          <Id>
            <IBAN>NL36PFPM01534332491357</IBAN>
          </Id>
        </CdtrAcct>
        <CdtrAgt>
          <FinInstnId>
            <BIC>OSUAGB7O</BIC>
          </FinInstnId>
        </CdtrAgt>
        <Purp>
          <Cd>TAXS</Cd>
        </Purp>
        <RmtInf>
          <Ustrd>Hair allow phone weight medical.</Ustrd>
        </RmtInf>
      </CdtTrfTxInf>
      <CdtTrfTxInf>
        <PmtId>
          <InstrId>INSTR-71</InstrId>
          <EndToEndId>E2E-15a989b288</EndToEndId>
        </PmtId>
        <Amt>
          <InstdAmt Ccy="CHF">7878.84</InstdAmt>
        </Amt>
        <Cdtr>
          <Nm>Keith Wright</Nm>
          <PstlAdr>
            <StrtNm>Robles Falls</StrtNm>
            <BldgNb>180</BldgNb>
            <TwnNm>East Hannah</TwnNm>
            <Ctry>FR</Ctry>
          </PstlAdr>
        </Cdtr>
        <CdtrAcct>
          <Id>
            <IBAN>FR76OFBT48413128403339</IBAN>
          </Id>
        </CdtrAcct>
        <CdtrAgt>
          <FinInstnId>
            <BIC>YSPOGBG8</BIC>
          </FinInstnId>
        </CdtrAgt>
        <Purp>
          <Cd>DIVD</Cd>
        </Purp>
        <RmtInf>
          <Ustrd>Five plant cultural.</Ustrd>
        </RmtInf>
      </CdtTrfTxInf>
      <CdtTrfTxInf>
        <PmtId>
          <InstrId>INSTR-72</InstrId>
          <EndToEndId>E2E-f8889d50ce</EndToEndId>
        </PmtId>
        <Amt>
          <InstdAmt Ccy="CAD">7242.97</InstdAmt>
        </Amt>
        <Cdtr>
          <Nm>Elizabeth Smith</Nm>
          <PstlAdr>
            <StrtNm>Callahan Creek</StrtNm>
            <BldgNb>30</BldgNb>
            <TwnNm>Watersborough</TwnNm>
            <Ctry>PL</Ctry>
          </PstlAdr>
        </Cdtr>
        <CdtrAcct>
          <Id>
            <IBAN>PL44SZUT70469472587844</IBAN>
          </Id>
        </CdtrAcct>
        <CdtrAgt>
          <FinInstnId>
            <BIC>IRHKGBR9</BIC>
          </FinInstnId>
        </CdtrAgt>
        <Purp>
          <Cd>TAXS</Cd>
        </Purp>
        <RmtInf>
          <Ustrd>System particular church what.</Ustrd>
        </RmtInf>
      </CdtTrfTxInf>
      <CdtTrfTxInf>
        <PmtId>
          <InstrId>INSTR-73</InstrId>
          <EndToEndId>E2E-d4ee3ef422</EndToEndId>
        </PmtId>
        <Amt>
          <InstdAmt Ccy="USD">6981.69</InstdAmt>
        </Amt>
        <Cdtr>
          <Nm>Charles Cook</Nm>
          <PstlAdr>
            <StrtNm>Calderon Island</StrtNm>
            <BldgNb>159</BldgNb>
            <TwnNm>Parkershire</TwnNm>
            <Ctry>DE</Ctry>
          </PstlAdr>
        </Cdtr>
        <CdtrAcct>
          <Id>
            <IBAN>DE34MYNA60652740334450</IBAN>
          </Id>
        </CdtrAcct>
        <CdtrAgt>
          <FinInstnId>
            <BIC>KNZMGBU9</BIC>
          </FinInstnId>
        </CdtrAgt>
        <Purp>
          <Cd>DIVD</Cd>
        </Purp>
        <RmtInf>
          <Ustrd>Walk or weight water sit hope where.</Ustrd>
        </RmtInf>
      </CdtTrfTxInf>
      <CdtTrfTxInf>
        <PmtId>
          <InstrId>INSTR-74</InstrId>
          <EndToEndId>E2E-5169cf5909</EndToEndId>
        </PmtId>
        <Amt>
          <InstdAmt Ccy="CAD">2434.39</InstdAmt>
        </Amt>
        <Cdtr>
          <Nm>Duane Ruiz</Nm>
          <PstlAdr>
            <StrtNm>Mark Trail</StrtNm>
            <BldgNb>1</BldgNb>
            <TwnNm>Hollowayberg</TwnNm>
            <Ctry>BE</Ctry>
          </PstlAdr>
        </Cdtr>
        <CdtrAcct>
          <Id>
            <IBAN>BE98SJSG81735984884021</IBAN>
          </Id>
        </CdtrAcct>
        <CdtrAgt>
          <FinInstnId>
            <BIC>ZWWXGBUX</BIC>
          </FinInstnId>
        </CdtrAgt>
        <Purp>
          <Cd>GOVT</Cd>
        </Purp>
        <RmtInf>
          <Ustrd>Effort section age budget improve.</Ustrd>
        </RmtInf>
      </CdtTrfTxInf>
      <CdtTrfTxInf>
        <PmtId>
          <InstrId>INSTR-75</InstrId>
          <EndToEndId>E2E-f296cc7ba7</EndToEndId>
        </PmtId>
        <Amt>
          <InstdAmt Ccy="USD">8290.70</InstdAmt>
        </Amt>
        <Cdtr>
          <Nm>Whitney Moyer</Nm>
          <PstlAdr>
            <StrtNm>Tyler Overpass</StrtNm>
            <BldgNb>192</BldgNb>
            <TwnNm>Baileyland</TwnNm>
            <Ctry>ES</Ctry>
          </PstlAdr>
        </Cdtr>
        <CdtrAcct>
          <Id>
            <IBAN>ES45XCSC81828197931647</IBAN>
          </Id>
        </CdtrAcct>
        <CdtrAgt>
          <FinInstnId>
            <BIC>OXEUGBVE</BIC>
          </FinInstnId>
        </CdtrAgt>
        <Purp>
          <Cd>SALA</Cd>
        </Purp>
        <RmtInf>
          <Ustrd>Possible fund month realize.</Ustrd>
        </RmtInf>
      </CdtTrfTxInf>
      <CdtTrfTxInf>
        <PmtId>
          <InstrId>INSTR-76</InstrId>
          <EndToEndId>E2E-17a43cbc2f</EndToEndId>
        </PmtId>
        <Amt>
          <InstdAmt Ccy="GBP">6020.56</InstdAmt>
        </Amt>
        <Cdtr>
          <Nm>Chris Foley</Nm>
          <PstlAdr>
            <StrtNm>Patel Shoal</StrtNm>
            <BldgNb>130</BldgNb>
            <TwnNm>Port Lorraine</TwnNm>
            <Ctry>FR</Ctry>
          </PstlAdr>
        </Cdtr>
        <CdtrAcct>
          <Id>
            <IBAN>FR53LWSE32342108902851</IBAN>
          </Id>
        </CdtrAcct>
        <CdtrAgt>
          <FinInstnId>
            <BIC>KKHVGBNM</BIC>
          </FinInstnId>
        </CdtrAgt>
        <Purp>
          <Cd>INTC</Cd>
        </Purp>
        <RmtInf>
          <Ustrd>Clear yard do turn sign.</Ustrd>
        </RmtInf>
      </CdtTrfTxInf>
      <CdtTrfTxInf>
        <PmtId>
          <InstrId>INSTR-77</InstrId>
          <EndToEndId>E2E-e5bed19c89</EndToEndId>
        </PmtId>
        <Amt>
          <InstdAmt Ccy="EUR">4859.34</InstdAmt>
        </Amt>
        <Cdtr>
          <Nm>Jaime Wallace</Nm>
          <PstlAdr>
            <StrtNm>Omar Mission</StrtNm>
            <BldgNb>15</BldgNb>
            <TwnNm>Rossborough</TwnNm>
            <Ctry>BE</Ctry>
          </PstlAdr>
        </Cdtr>
        <CdtrAcct>
          <Id>
            <IBAN>BE71YMSD12898123179556</IBAN>
          </Id>
        </CdtrAcct>
        <CdtrAgt>
          <FinInstnId>
            <BIC>GGCZGB6X</BIC>
          </FinInstnId>
        </CdtrAgt>
        <Purp>
          <Cd>TAXS</Cd>
        </Purp>
        <RmtInf>
          <Ustrd>Practice special then administration.</Ustrd>
        </RmtInf>
      </CdtTrfTxInf>
      <CdtTrfTxInf>
        <PmtId>
          <InstrId>INSTR-78</InstrId>
          <EndToEndId>E2E-45a49693e3</EndToEndId>
        </PmtId>
        <Amt>
          <InstdAmt Ccy="GBP">5629.69</InstdAmt>
        </Amt>
        <Cdtr>
          <Nm>Joseph Taylor</Nm>
          <PstlAdr>
            <StrtNm>Farmer Circle</StrtNm>
            <BldgNb>151</BldgNb>
            <TwnNm>Port Jodi</TwnNm>
            <Ctry>ES</Ctry>
          </PstlAdr>
        </Cdtr>
        <CdtrAcct>
          <Id>
            <IBAN>ES93JLTN26228225120734</IBAN>
          </Id>
        </CdtrAcct>
        <CdtrAgt>
          <FinInstnId>
            <BIC>MULIGBUB</BIC>
          </FinInstnId>
        </CdtrAgt>
        <Purp>
          <Cd>TRAD</Cd>
        </Purp>
        <RmtInf>
          <Ustrd>Former threat alone.</Ustrd>
        </RmtInf>
      </CdtTrfTxInf>
      <CdtTrfTxInf>
        <PmtId>
          <InstrId>INSTR-79</InstrId>
          <EndToEndId>E2E-6674f4688f</EndToEndId>
        </PmtId>
        <Amt>
          <InstdAmt Ccy="JPY">860367.87</InstdAmt>
        </Amt>
        <Cdtr>
          <Nm>Brooke Smith</Nm>
          <PstlAdr>
            <StrtNm>Christopher Circles</StrtNm>
            <BldgNb>55</BldgNb>
            <TwnNm>South Stevenchester</TwnNm>
            <Ctry>PL</Ctry>
          </PstlAdr>
        </Cdtr>
        <CdtrAcct>
          <Id>
            <IBAN>PL75ROET04774258591779</IBAN>
          </Id>
        </CdtrAcct>
        <CdtrAgt>
          <FinInstnId>
            <BIC>GEHQGBIJ</BIC>
          </FinInstnId>
        </CdtrAgt>
        <Purp>
          <Cd>GOVT</Cd>
        </Purp>
        <RmtInf>
          <Ustrd>Process sea response executive past.</Ustrd>
        </RmtInf>
      </CdtTrfTxInf>
    </PmtInf>
  </CstmrCdtTrfInitn>
</Document>
