<?xml version='1.0' encoding='UTF-8'?>
<Document xmlns="urn:iso:std:iso:20022:tech:xsd:pain.001.001.12">
  <CstmrCdtTrfInitn>
    <GrpHdr>
      <MsgId>MSG5-59b83214</MsgId>
      <CreDtTm>2025-10-10T17:36:40+00:00</CreDtTm>
      <NbOfTxs>44</NbOfTxs>
      <InitgPty>
        <Nm>Kelly Ray</Nm>
      </InitgPty>
      <CtrlSum>217416.06</CtrlSum>
    </GrpHdr>
    <PmtInf>
      <PmtInfId>PMT-a67699</PmtInfId>
      <PmtMtd>TRF</PmtMtd>
      <ReqdExctnDt>2025-10-27</ReqdExctnDt>
      <Dbtr>
        <Nm>Kelly Ray</Nm>
      </Dbtr>
      <DbtrAcct>
        <Id>
          <IBAN>DE52IYEK65290603202032</IBAN>
        </Id>
      </DbtrAcct>
      <DbtrAgt>
        <FinInstnId>
          <BIC>MKASGB44</BIC>
        </FinInstnId>
      </DbtrAgt>
      <CdtTrfTxInf>
        <PmtId>
          <InstrId>INSTR-1</InstrId>
          <EndToEndId>E2E-bd91c34771</EndToEndId>
        </PmtId>
        <Amt>
          <InstdAmt Ccy="CHF">8412.15</InstdAmt>
        </Amt>
        <Cdtr>
          <Nm>Chelsea Kane</Nm>
          <PstlAdr>
            <StrtNm>Hayes Forest</StrtNm>
            <BldgNb>41</BldgNb>
            <TwnNm>Howellside</TwnNm>
            <Ctry>IT</Ctry>
          </PstlAdr>
        </Cdtr>
        <CdtrAcct>
          <Id>
            <IBAN>IT33ODXI85524578715841</IBAN>
          </Id>
        </CdtrAcct>
        <CdtrAgt>
          <FinInstnId>
            <BIC>ZLNUGBB8</BIC>
          </FinInstnId>
        </CdtrAgt>
        <Purp>
          <Cd>PENS</Cd>
        </Purp>
        <RmtInf>
          <Ustrd>Behind window store build.</Ustrd>
        </RmtInf>
      </CdtTrfTxInf>
      <CdtTrfTxInf>
        <PmtId>
          <InstrId>INSTR-2</InstrId>
          <EndToEndId>E2E-1eb6cadc5b</EndToEndId>
        </PmtId>
        <Amt>
          <InstdAmt Ccy="GBP">2616.76</InstdAmt>
        </Amt>
        <Cdtr>
          <Nm>Valerie White</Nm>
          <PstlAdr>
            <StrtNm>Donald Springs</StrtNm>
            <BldgNb>75</BldgNb>
            <TwnNm>Port Alvin</TwnNm>
            <Ctry>PT</Ctry>
          </PstlAdr>
        </Cdtr>
        <CdtrAcct>
          <Id>
            <IBAN>PT65XXLQ92988085838252</IBAN>
          </Id>
        </CdtrAcct>
        <CdtrAgt>
          <FinInstnId>
            <BIC>DVFUGBOJ</BIC>
          </FinInstnId>
        </CdtrAgt>
        <Purp>
          <Cd>SALA</Cd>
        </Purp>
        <RmtInf>
          <Ustrd>Will throw life carry visit a edge.</Ustrd>
        </RmtInf>
      </CdtTrfTxInf>
      <CdtTrfTxInf>
        <PmtId>
          <InstrId>INSTR-3</InstrId>
          <EndToEndId>E2E-972bd0b3ac</EndToEndId>
        </PmtId>
        <Amt>
          <InstdAmt Ccy="CAD">4867.70</InstdAmt>
        </Amt>
        <Cdtr>
          <Nm>Mr. William Bray</Nm>
          <PstlAdr>
            <StrtNm>Peter Estate</StrtNm>
            <BldgNb>147</BldgNb>
            <TwnNm>Myersborough</TwnNm>
            <Ctry>NL</Ctry>
          </PstlAdr>
        </Cdtr>
        <CdtrAcct>
          <Id>
            <IBAN>NL79HLCH42619237245018</IBAN>
          </Id>
        </CdtrAcct>
        <CdtrAgt>
          <FinInstnId>
            <BIC>JQDYGB4O</BIC>
          </FinInstnId>
        </CdtrAgt>
        <Purp>
          <Cd>SALA</Cd>
        </Purp>
        <RmtInf>
          <Ustrd>Federal by sea lawyer audience without.</Ustrd>
        </RmtInf>
      </CdtTrfTxInf>
      <CdtTrfTxInf>
        <PmtId>
          <InstrId>INSTR-4</InstrId>
          <EndToEndId>E2E-0ad9075d2d</EndToEndId>
        </PmtId>
        <Amt>
          <InstdAmt Ccy="JPY">1007057.54</InstdAmt>
        </Amt>
        <Cdtr>
          <Nm>Christopher Mckinney</Nm>
          <PstlAdr>
            <StrtNm>Blake Fork</StrtNm>
            <BldgNb>104</BldgNb>
            <TwnNm>North Whitneystad</TwnNm>
            <Ctry>FR</Ctry>
          </PstlAdr>
        </Cdtr>
        <CdtrAcct>
          <Id>
            <IBAN>FR22HVPW66014448564510</IBAN>
          </Id>
        </CdtrAcct>
        <CdtrAgt>
          <FinInstnId>
            <BIC>DWZPGBP5</BIC>
          </FinInstnId>
        </CdtrAgt>
        <Purp>
          <Cd>INTC</Cd>
        </Purp>
        <RmtInf>
          <Ustrd>Opportunity program billion sit remain.</Ustrd>
        </RmtInf>
      </CdtTrfTxInf>
      <CdtTrfTxInf>
        <PmtId>
          <InstrId>INSTR-5</InstrId>
          <EndToEndId>E2E-ed78905195</EndToEndId>
        </PmtId>
        <Amt>
          <InstdAmt Ccy="CHF">219.94</InstdAmt>
        </Amt>
        <Cdtr>
          <Nm>Maria Garcia</Nm>
          <PstlAdr>
            <StrtNm>David Track</StrtNm>
            <BldgNb>72</BldgNb>
            <TwnNm>West Betty</TwnNm>
            <Ctry>BE</Ctry>
          </PstlAdr>
        </Cdtr>
        <CdtrAcct>
          <Id>
            <IBAN>BE45WTNM05779806603920</IBAN>
          </Id>
        </CdtrAcct>
        <CdtrAgt>
          <FinInstnId>
            <BIC>UKDJGB0B</BIC>
          </FinInstnId>
        </CdtrAgt>
        <Purp>
          <Cd>TRAD</Cd>
        </Purp>
        <RmtInf>
          <Ustrd>Foot recognize play.</Ustrd>
        </RmtInf>
      </CdtTrfTxInf>
      <CdtTrfTxInf>
        <PmtId>
          <InstrId>INSTR-6</InstrId>
          <EndToEndId>E2E-62000864ab</EndToEndId>
        </PmtId>
        <Amt>
          <InstdAmt Ccy="CAD">2459.64</InstdAmt>
        </Amt>
        <Cdtr>
          <Nm>Gregory Ochoa</Nm>
          <PstlAdr>
            <StrtNm>Gates Isle</StrtNm>
            <BldgNb>47</BldgNb>
            <TwnNm>Christinabury</TwnNm>
            <Ctry>BE</Ctry>
          </PstlAdr>
        </Cdtr>
        <CdtrAcct>
          <Id>
            <IBAN>BE85KJDX16597263475575</IBAN>
          </Id>
        </CdtrAcct>
        <CdtrAgt>
          <FinInstnId>
            <BIC>YFFKGBBH</BIC>
          </FinInstnId>
        </CdtrAgt>
        <Purp>
          <Cd>SUPP</Cd>
        </Purp>
        <RmtInf>
          <Ustrd>Ok training record night series.</Ustrd>
        </RmtInf>
      </CdtTrfTxInf>
      <CdtTrfTxInf>
        <PmtId>
          <InstrId>INSTR-7</InstrId>
          <EndToEndId>E2E-026fb5f2eb</EndToEndId>
        </PmtId>
        <Amt>
          <InstdAmt Ccy="JPY">52125.55</InstdAmt>
        </Amt>
        <Cdtr>
          <Nm>Brianna Peterson</Nm>
          <PstlAdr>
            <StrtNm>Sanders Lights</StrtNm>
            <BldgNb>176</BldgNb>
            <TwnNm>Port Stephanieport</TwnNm>
            <Ctry>PL</Ctry>
          </PstlAdr>
        </Cdtr>
        <CdtrAcct>
          <Id>
            <IBAN>PL12TSCK37038240733337</IBAN>
          </Id>
        </CdtrAcct>
        <CdtrAgt>
          <FinInstnId>
            <BIC>UZGEGBAS</BIC>
          </FinInstnId>
        </CdtrAgt>
        <Purp>
          <Cd>DIVD</Cd>
        </Purp>
        <RmtInf>
          <Ustrd>Who tax low keep news.</Ustrd>
        </RmtInf>
      </CdtTrfTxInf>
      <CdtTrfTxInf>
        <PmtId>
          <InstrId>INSTR-8</InstrId>
          <EndToEndId>E2E-4ed5bb9e75</EndToEndId>
        </PmtId>
        <Amt>
          <InstdAmt Ccy="EUR">2928.85</InstdAmt>
        </Amt>
        <Cdtr>
          <Nm>Robert Cox</Nm>
          <PstlAdr>
            <StrtNm>Reynolds Lakes</StrtNm>
            <BldgNb>51</BldgNb>
            <TwnNm>West Amber</TwnNm>
            <Ctry>GB</Ctry>
          </PstlAdr>
        </Cdtr>
        <CdtrAcct>
          <Id>
            <IBAN>GB22CWEK38921878519358</IBAN>
          </Id>
        </CdtrAcct>
        <CdtrAgt>
          <FinInstnId>
            <BIC>HOISGBD3</BIC>
          </FinInstnId>
        </CdtrAgt>
        <Purp>
          <Cd>PENS</Cd>
        </Purp>
        <RmtInf>
          <Ustrd>Require make region.</Ustrd>
        </RmtInf>
      </CdtTrfTxInf>
      <CdtTrfTxInf>
        <PmtId>
          <InstrId>INSTR-9</InstrId>
          <EndToEndId>E2E-003ac30a3c</EndToEndId>
        </PmtId>
        <Amt>
          <InstdAmt Ccy="PLN">29081.31</InstdAmt>
        </Amt>
        <Cdtr>
          <Nm>Erin Hudson</Nm>
          <PstlAdr>
            <StrtNm>Thomas Plains</StrtNm>
            <BldgNb>17</BldgNb>
            <TwnNm>Michelleton</TwnNm>
            <Ctry>BE</Ctry>
          </PstlAdr>
        </Cdtr>
        <CdtrAcct>
          <Id>
            <IBAN>BE81WYLS11918623392207</IBAN>
          </Id>
        </CdtrAcct>
        <CdtrAgt>
          <FinInstnId>
            <BIC>XDKCGBGZ</BIC>
          </FinInstnId>
        </CdtrAgt>
        <Purp>
          <Cd>PENS</Cd>
        </Purp>
        <RmtInf>
          <Ustrd>Great religious these matter continue.</Ustrd>
        </RmtInf>
      </CdtTrfTxInf>
      <CdtTrfTxInf>
        <PmtId>
          <InstrId>INSTR-10</InstrId>
          <EndToEndId>E2E-1f4012da02</EndToEndId>
        </PmtId>
        <Amt>
          <InstdAmt Ccy="USD">2781.23</InstdAmt>
        </Amt>
        <Cdtr>
          <Nm>Shawn Brown</Nm>
          <PstlAdr>
            <StrtNm>Felicia Court</StrtNm>
            <BldgNb>13</BldgNb>
            <TwnNm>North Tamara</TwnNm>
            <Ctry>GB</Ctry>
          </PstlAdr>
        </Cdtr>
        <CdtrAcct>
          <Id>
            <IBAN>GB92QAAK64099512397283</IBAN>
          </Id>
        </CdtrAcct>
        <CdtrAgt>
          <FinInstnId>
            <BIC>LDVEGBXL</BIC>
          </FinInstnId>
        </CdtrAgt>
        <Purp>
          <Cd>INTC</Cd>
        </Purp>
        <RmtInf>
          <Ustrd>Very thousand soldier.</Ustrd>
        </RmtInf>
      </CdtTrfTxInf>
      <CdtTrfTxInf>
        <PmtId>
          <InstrId>INSTR-11</InstrId>
          <EndToEndId>E2E-8ce7727d7e</EndToEndId>
        </PmtId>
        <Amt>
          <InstdAmt Ccy="USD">10814.15</InstdAmt>
        </Amt>
        <Cdtr>
          <Nm>Joseph Mccullough</Nm>
          <PstlAdr>
            <StrtNm>Lee Drives</StrtNm>
            <BldgNb>126</BldgNb>
            <TwnNm>Sharonside</TwnNm>
            <Ctry>GB</Ctry>
          </PstlAdr>
        </Cdtr>
        <CdtrAcct>
          <Id>
            <IBAN>GB71MZOD81535237360507</IBAN>
          </Id>
        </CdtrAcct>
        <CdtrAgt>
          <FinInstnId>
            <BIC>ZVWYGBG7</BIC>
          </FinInstnId>
        </CdtrAgt>
        <Purp>
          <Cd>SUPP</Cd>
        </Purp>
        <RmtInf>
          <Ustrd>Professional fly month offer.</Ustrd>
        </RmtInf>
      </CdtTrfTxInf>
      <CdtTrfTxInf>
        <PmtId>
          <InstrId>INSTR-12</InstrId>
          <EndToEndId>E2E-2721c8044f</EndToEndId>
        </PmtId>
        <Amt>
          <InstdAmt Ccy="CHF">9039.63</InstdAmt>
        </Amt>
        <Cdtr>
          <Nm>Jennifer Bennett</Nm>
          <PstlAdr>
            <StrtNm>Johnson Cove</StrtNm>
            <BldgNb>184</BldgNb>
            <TwnNm>Annafurt</TwnNm>
            <Ctry>FR</Ctry>
          </PstlAdr>
        </Cdtr>
        <CdtrAcct>
          <Id>
            <IBAN>FR78JPZY40803149982508</IBAN>
          </Id>
        </CdtrAcct>
        <CdtrAgt>
          <FinInstnId>
            <BIC>ABJMGBMW</BIC>
          </FinInstnId>
        </CdtrAgt>
        <Purp>
          <Cd>DIVD</Cd>
        </Purp>
        <RmtInf>
          <Ustrd>Treat better wear.</Ustrd>
        </RmtInf>
      </CdtTrfTxInf>
      <CdtTrfTxInf>
        <PmtId>
          <InstrId>INSTR-13</InstrId>
          <EndToEndId>E2E-182ca3ebce</EndToEndId>
        </PmtId>
        <Amt>
          <InstdAmt Ccy="CHF">3267.45</InstdAmt>
        </Amt>
        <Cdtr>
          <Nm>Thomas Harris</Nm>
          <PstlAdr>
            <StrtNm>Sandra Avenue</StrtNm>
            <BldgNb>16</BldgNb>
            <TwnNm>Lake Lisa</TwnNm>
            <Ctry>GB</Ctry>
          </PstlAdr>
        </Cdtr>
        <CdtrAcct>
          <Id>
            <IBAN>GB36KFMH56022939469434</IBAN>
          </Id>
        </CdtrAcct>
        <CdtrAgt>
          <FinInstnId>
            <BIC>NWANGB0Y</BIC>
          </FinInstnId>
        </CdtrAgt>
        <Purp>
          <Cd>TAXS</Cd>
        </Purp>
        <RmtInf>
          <Ustrd>Successful couple single effect action.</Ustrd>
        </RmtInf>
      </CdtTrfTxInf>
      <CdtTrfTxInf>
        <PmtId>
          <InstrId>INSTR-14</InstrId>
          <EndToEndId>E2E-3f27e5223c</EndToEndId>
        </PmtId>
        <Amt>
          <InstdAmt Ccy="JPY">605618.22</InstdAmt>
        </Amt>
        <Cdtr>
          <Nm>Rick Jones</Nm>
          <PstlAdr>
            <StrtNm>Jackson Streets</StrtNm>
            <BldgNb>70</BldgNb>
            <TwnNm>Stephaniefurt</TwnNm>
            <Ctry>ES</Ctry>
          </PstlAdr>
        </Cdtr>
        <CdtrAcct>
          <Id>
            <IBAN>ES87JRJJ94116318732807</IBAN>
          </Id>
        </CdtrAcct>
        <CdtrAgt>
          <FinInstnId>
            <BIC>PDDHGBCY</BIC>
          </FinInstnId>
        </CdtrAgt>
        <Purp>
          <Cd>PENS</Cd>
        </Purp>
        <RmtInf>
          <Ustrd>Base really attack job.</Ustrd>
        </RmtInf>
      </CdtTrfTxInf>
      <CdtTrfTxInf>
        <PmtId>
          <InstrId>INSTR-15</InstrId>
          <EndToEndId>E2E-367beea00b</EndToEndId>
        </PmtId>
        <Amt>
          <InstdAmt Ccy="JPY">1188385.75</InstdAmt>
        </Amt>
        <Cdtr>
          <Nm>Daniel Stewart</Nm>
          <PstlAdr>
            <StrtNm>Stacy Junctions</StrtNm>
            <BldgNb>116</BldgNb>
            <TwnNm>Sandrastad</TwnNm>
            <Ctry>PT</Ctry>
          </PstlAdr>
        </Cdtr>
        <CdtrAcct>
          <Id>
            <IBAN>PT38OGUB66248132357071</IBAN>
          </Id>
        </CdtrAcct>
        <CdtrAgt>
          <FinInstnId>
            <BIC>HTQJGB9K</BIC>
          </FinInstnId>
        </CdtrAgt>
        <Purp>
          <Cd>TRAD</Cd>
        </Purp>
        <RmtInf>
          <Ustrd>Natural fish born assume.</Ustrd>
        </RmtInf>
      </CdtTrfTxInf>
      <CdtTrfTxInf>
        <PmtId>
          <InstrId>INSTR-16</InstrId>
          <EndToEndId>E2E-f0243bd923</EndToEndId>
        </PmtId>
        <Amt>
          <InstdAmt Ccy="JPY">1003948.26</InstdAmt>
        </Amt>
        <Cdtr>
          <Nm>James Hart</Nm>
          <PstlAdr>
            <StrtNm>Mack Crest</StrtNm>
            <BldgNb>149</BldgNb>
            <TwnNm>Port Courtney</TwnNm>
            <Ctry>IT</Ctry>
          </PstlAdr>
        </Cdtr>
        <CdtrAcct>
          <Id>
            <IBAN>IT12SRCA79649673794577</IBAN>
          </Id>
        </CdtrAcct>
        <CdtrAgt>
          <FinInstnId>
            <BIC>EORLGBOJ</BIC>
          </FinInstnId>
        </CdtrAgt>
        <Purp>
          <Cd>TAXS</Cd>
        </Purp>
        <RmtInf>
          <Ustrd>Pm company whose yourself think.</Ustrd>
        </RmtInf>
      </CdtTrfTxInf>
      <CdtTrfTxInf>
        <PmtId>
          <InstrId>INSTR-17</InstrId>
          <EndToEndId>E2E-3f69f0f21a</EndToEndId>
        </PmtId>
        <Amt>
          <InstdAmt Ccy="USD">5565.91</InstdAmt>
        </Amt>
        <Cdtr>
          <Nm>Victoria Martinez</Nm>
          <PstlAdr>
            <StrtNm>Clark Lodge</StrtNm>
            <BldgNb>67</BldgNb>
            <TwnNm>Stephensonmouth</TwnNm>
            <Ctry>FR</Ctry>
          </PstlAdr>
        </Cdtr>
        <CdtrAcct>
          <Id>
            <IBAN>FR91XOOM75556283333939</IBAN>
          </Id>
        </CdtrAcct>
        <CdtrAgt>
          <FinInstnId>
            <BIC>LORYGB0X</BIC>
          </FinInstnId>
        </CdtrAgt>
        <Purp>
          <Cd>PENS</Cd>
        </Purp>
        <RmtInf>
          <Ustrd>Degree center board present feel.</Ustrd>
        </RmtInf>
      </CdtTrfTxInf>
      <CdtTrfTxInf>
        <PmtId>
          <InstrId>INSTR-18</InstrId>
          <EndToEndId>E2E-06a8dd1303</EndToEndId>
        </PmtId>
        <Amt>
          <InstdAmt Ccy="USD">4893.46</InstdAmt>
        </Amt>
        <Cdtr>
          <Nm>Daniel Bradley</Nm>
          <PstlAdr>
            <StrtNm>Joshua Summit</StrtNm>
            <BldgNb>13</BldgNb>
            <TwnNm>Lake Richard</TwnNm>
            <Ctry>BE</Ctry>
          </PstlAdr>
        </Cdtr>
        <CdtrAcct>
          <Id>
            <IBAN>BE61ZZGE65732759980111</IBAN>
          </Id>
        </CdtrAcct>
        <CdtrAgt>
          <FinInstnId>
            <BIC>AABKGBFU</BIC>
          </FinInstnId>
        </CdtrAgt>
        <Purp>
          <Cd>DIVD</Cd>
        </Purp>
        <RmtInf>
          <Ustrd>Indeed mother peace citizen.</Ustrd>
        </RmtInf>
      </CdtTrfTxInf>
      <CdtTrfTxInf>
        <PmtId>
          <InstrId>INSTR-19</InstrId>
          <EndToEndId>E2E-f84fd4fe47</EndToEndId>
        </PmtId>
        <Amt>
          <InstdAmt Ccy="CAD">8805.86</InstdAmt>
        </Amt>
        <Cdtr>
          <Nm>Anne Williams</Nm>
          <PstlAdr>
            <StrtNm>Kennedy Neck</StrtNm>
            <BldgNb>173</BldgNb>
            <TwnNm>Port Andrew</TwnNm>
            <Ctry>GB</Ctry>
          </PstlAdr>
        </Cdtr>
        <CdtrAcct>
          <Id>
            <IBAN>GB21WLOS92707955151229</IBAN>
          </Id>
        </CdtrAcct>
        <CdtrAgt>
          <FinInstnId>
            <BIC>JVMEGBHM</BIC>
          </FinInstnId>
        </CdtrAgt>
        <Purp>
          <Cd>SUPP</Cd>
        </Purp>
        <RmtInf>
          <Ustrd>Five cold power red enjoy you front.</Ustrd>
        </RmtInf>
      </CdtTrfTxInf>
      <CdtTrfTxInf>
        <PmtId>
          <InstrId>INSTR-20</InstrId>
          <EndToEndId>E2E-eaa3de3048</EndToEndId>
        </PmtId>
        <Amt>
          <InstdAmt Ccy="JPY">904125.62</InstdAmt>
        </Amt>
        <Cdtr>
          <Nm>William Weber</Nm>
          <PstlAdr>
            <StrtNm>Kevin Flats</StrtNm>
            <BldgNb>183</BldgNb>
            <TwnNm>Jameston</TwnNm>
            <Ctry>PL</Ctry>
          </PstlAdr>
        </Cdtr>
        <CdtrAcct>
          <Id>
            <IBAN>PL22WVIW65586652548374</IBAN>
          </Id>
        </CdtrAcct>
        <CdtrAgt>
          <FinInstnId>
            <BIC>ICOVGBFU</BIC>
          </FinInstnId>
        </CdtrAgt>
        <Purp>
          <Cd>TAXS</Cd>
        </Purp>
        <RmtInf>
          <Ustrd>Region current second ball.</Ustrd>
        </RmtInf>
      </CdtTrfTxInf>
      <CdtTrfTxInf>
        <PmtId>
          <InstrId>INSTR-21</InstrId>
          <EndToEndId>E2E-57d16a903a</EndToEndId>
        </PmtId>
        <Amt>
          <InstdAmt Ccy="GBP">386.97</InstdAmt>
        </Amt>
        <Cdtr>
          <Nm>Mitchell Hughes</Nm>
          <PstlAdr>
            <StrtNm>Thomas Flat</StrtNm>
            <BldgNb>119</BldgNb>
            <TwnNm>Jacobsburgh</TwnNm>
            <Ctry>PT</Ctry>
          </PstlAdr>
        </Cdtr>
        <CdtrAcct>
          <Id>
            <IBAN>PT51PJXV90728012342893</IBAN>
          </Id>
        </CdtrAcct>
        <CdtrAgt>
          <FinInstnId>
            <BIC>WDWYGBEM</BIC>
          </FinInstnId>
        </CdtrAgt>
        <Purp>
          <Cd>SUPP</Cd>
        </Purp>
        <RmtInf>
          <Ustrd>Support series direction house.</Ustrd>
        </RmtInf>
      </CdtTrfTxInf>
      <CdtTrfTxInf>
        <PmtId>
          <InstrId>INSTR-22</InstrId>
          <EndToEndId>E2E-8cb02a0678</EndToEndId>
        </PmtId>
        <Amt>
          <InstdAmt Ccy="JPY">103602.15</InstdAmt>
        </Amt>
        <Cdtr>
          <Nm>Melinda Campbell</Nm>
          <PstlAdr>
            <StrtNm>Calvin Circles</StrtNm>
            <BldgNb>58</BldgNb>
            <TwnNm>Cooperton</TwnNm>
            <Ctry>ES</Ctry>
          </PstlAdr>
        </Cdtr>
        <CdtrAcct>
          <Id>
            <IBAN>ES23TYNC70159591945757</IBAN>
          </Id>
        </CdtrAcct>
        <CdtrAgt>
          <FinInstnId>
            <BIC>LPJYGB5U</BIC>
          </FinInstnId>
        </CdtrAgt>
        <Purp>
          <Cd>GOVT</Cd>
        </Purp>
        <RmtInf>
          <Ustrd>Them small high.</Ustrd>
        </RmtInf>
      </CdtTrfTxInf>
      <CdtTrfTxInf>
        <PmtId>
          <InstrId>INSTR-23</InstrId>
          <EndToEndId>E2E-6c28bbdfde</EndToEndId>
        </PmtId>
        <Amt>
          <InstdAmt Ccy="CAD">8221.45</InstdAmt>
        </Amt>
        <Cdtr>
          <Nm>John Nelson</Nm>
          <PstlAdr>
            <StrtNm>Andrew Lock</StrtNm>
            <BldgNb>105</BldgNb>
            <TwnNm>West Maria</TwnNm>
            <Ctry>FR</Ctry>
          </PstlAdr>
        </Cdtr>
        <CdtrAcct>
          <Id>
            <IBAN>FR32RIHG79766270511579</IBAN>
          </Id>
        </CdtrAcct>
        <CdtrAgt>
          <FinInstnId>
            <BIC>JEHQGB5N</BIC>
          </FinInstnId>
        </CdtrAgt>
        <Purp>
          <Cd>INTC</Cd>
        </Purp>
        <RmtInf>
          <Ustrd>Adult have early war.</Ustrd>
        </RmtInf>
      </CdtTrfTxInf>
      <CdtTrfTxInf>
        <PmtId>
          <InstrId>INSTR-24</InstrId>
          <EndToEndId>E2E-a420b19879</EndToEndId>
        </PmtId>
        <Amt>
          <InstdAmt Ccy="USD">474.29</InstdAmt>
        </Amt>
        <Cdtr>
          <Nm>Glen Leon</Nm>
          <PstlAdr>
            <StrtNm>Rachel Islands</StrtNm>
            <BldgNb>183</BldgNb>
            <TwnNm>Lake Brittany</TwnNm>
            <Ctry>PT</Ctry>
          </PstlAdr>
        </Cdtr>
        <CdtrAcct>
          <Id>
            <IBAN>PT21HHPS70581629518779</IBAN>
          </Id>
        </CdtrAcct>
        <CdtrAgt>
          <FinInstnId>
            <BIC>XICOGBYM</BIC>
          </FinInstnId>
        </CdtrAgt>
        <Purp>
          <Cd>PENS</Cd>
        </Purp>
        <RmtInf>
          <Ustrd>Force station lot.</Ustrd>
        </RmtInf>
      </CdtTrfTxInf>
      <CdtTrfTxInf>
        <PmtId>
          <InstrId>INSTR-25</InstrId>
          <EndToEndId>E2E-6d4af0c7bd</EndToEndId>
        </PmtId>
        <Amt>
          <InstdAmt Ccy="USD">10494.36</InstdAmt>
        </Amt>
        <Cdtr>
          <Nm>Christina Cochran</Nm>
          <PstlAdr>
            <StrtNm>Susan Ranch</StrtNm>
            <BldgNb>131</BldgNb>
            <TwnNm>West Jessicaborough</TwnNm>
            <Ctry>BE</Ctry>
          </PstlAdr>
        </Cdtr>
        <CdtrAcct>
          <Id>
            <IBAN>BE59QZQJ36604432400615</IBAN>
          </Id>
        </CdtrAcct>
        <CdtrAgt>
          <FinInstnId>
            <BIC>OYEOGBY9</BIC>
          </FinInstnId>
        </CdtrAgt>
        <Purp>
          <Cd>INTC</Cd>
        </Purp>
        <RmtInf>
          <Ustrd>Order serve blue event.</Ustrd>
        </RmtInf>
      </CdtTrfTxInf>
      <CdtTrfTxInf>
        <PmtId>
          <InstrId>INSTR-26</InstrId>
          <EndToEndId>E2E-d003ad6460</EndToEndId>
        </PmtId>
        <Amt>
          <InstdAmt Ccy="GBP">5768.79</InstdAmt>
        </Amt>
        <Cdtr>
          <Nm>Anthony Nguyen</Nm>
          <PstlAdr>
            <StrtNm>Wood Island</StrtNm>
            <BldgNb>179</BldgNb>
            <TwnNm>Piercechester</TwnNm>
            <Ctry>FR</Ctry>
          </PstlAdr>
        </Cdtr>
        <CdtrAcct>
          <Id>
            <IBAN>FR36UKMF59045990802711</IBAN>
          </Id>
        </CdtrAcct>
        <CdtrAgt>
          <FinInstnId>
            <BIC>EEDQGBKP</BIC>
          </FinInstnId>
        </CdtrAgt>
        <Purp>
          <Cd>GOVT</Cd>
        </Purp>
        <RmtInf>
          <Ustrd>Senior win full include.</Ustrd>
        </RmtInf>
      </CdtTrfTxInf>
      <CdtTrfTxInf>
        <PmtId>
          <InstrId>INSTR-27</InstrId>
          <EndToEndId>E2E-0443650f70</EndToEndId>
        </PmtId>
        <Amt>
          <InstdAmt Ccy="JPY">786036.53</InstdAmt>
        </Amt>
        <Cdtr>
          <Nm>Christopher Carson</Nm>
          <PstlAdr>
            <StrtNm>Shane Crescent</StrtNm>
            <BldgNb>142</BldgNb>
            <TwnNm>Jeremyton</TwnNm>
            <Ctry>PT</Ctry>
          </PstlAdr>
        </Cdtr>
        <CdtrAcct>
          <Id>
            <IBAN>PT55UVRA03700332285566</IBAN>
          </Id>
        </CdtrAcct>
        <CdtrAgt>
          <FinInstnId>
            <BIC>AQYJGB5B</BIC>
          </FinInstnId>
        </CdtrAgt>
        <Purp>
          <Cd>SUPP</Cd>
        </Purp>
        <RmtInf>
          <Ustrd>Ok happy together clearly.</Ustrd>
        </RmtInf>
      </CdtTrfTxInf>
      <CdtTrfTxInf>
        <PmtId>
          <InstrId>INSTR-28</InstrId>
          <EndToEndId>E2E-b8963ea37c</EndToEndId>
        </PmtId>
        <Amt>
          <InstdAmt Ccy="CAD">14568.42</InstdAmt>
        </Amt>
        <Cdtr>
          <Nm>James Davenport</Nm>
          <PstlAdr>
            <StrtNm>Cook Islands</StrtNm>
            <BldgNb>76</BldgNb>
            <TwnNm>Philipport</TwnNm>
            <Ctry>NL</Ctry>
          </PstlAdr>
        </Cdtr>
        <CdtrAcct>
          <Id>
            <IBAN>NL25OAOT86321061339439</IBAN>
          </Id>
        </CdtrAcct>
        <CdtrAgt>
          <FinInstnId>
            <BIC>JLOBGBOQ</BIC>
          </FinInstnId>
        </CdtrAgt>
        <Purp>
          <Cd>TRAD</Cd>
        </Purp>
        <RmtInf>
          <Ustrd>Memory finally describe Congress free.</Ustrd>
        </RmtInf>
      </CdtTrfTxInf>
      <CdtTrfTxInf>
        <PmtId>
          <InstrId>INSTR-29</InstrId>
          <EndToEndId>E2E-63f0dbbb75</EndToEndId>
        </PmtId>
        <Amt>
          <InstdAmt Ccy="EUR">6097.81</InstdAmt>
        </Amt>
        <Cdtr>
          <Nm>Dominique Hatfield</Nm>
          <PstlAdr>
            <StrtNm>Chris Coves</StrtNm>
            <BldgNb>12</BldgNb>
            <TwnNm>Port Anthonyton</TwnNm>
            <Ctry>NL</Ctry>
          </PstlAdr>
        </Cdtr>
        <CdtrAcct>
          <Id>
            <IBAN>NL35AIAJ76921053365146</IBAN>
          </Id>
        </CdtrAcct>
        <CdtrAgt>
          <FinInstnId>
            <BIC>UAJYGBCH</BIC>
          </FinInstnId>
        </CdtrAgt>
        <Purp>
          <Cd>SALA</Cd>
        </Purp>
        <RmtInf>
          <Ustrd>Center lead usually work trip.</Ustrd>
        </RmtInf>
      </CdtTrfTxInf>
      <CdtTrfTxInf>
        <PmtId>
          <InstrId>INSTR-30</InstrId>
          <EndToEndId>E2E-75e06f454d</EndToEndId>
        </PmtId>
        <Amt>
          <InstdAmt Ccy="CHF">3684.83</InstdAmt>
        </Amt>
        <Cdtr>
          <Nm>Karen Smith</Nm>
          <PstlAdr>
            <StrtNm>Jenny Motorway</StrtNm>
            <BldgNb>33</BldgNb>
            <TwnNm>Josephshire</TwnNm>
            <Ctry>BE</Ctry>
          </PstlAdr>
        </Cdtr>
        <CdtrAcct>
          <Id>
            <IBAN>BE10PCXW23166007676209</IBAN>
          </Id>
        </CdtrAcct>
        <CdtrAgt>
          <FinInstnId>
            <BIC>BVCYGBRS</BIC>
          </FinInstnId>
        </CdtrAgt>
        <Purp>
          <Cd>DIVD</Cd>
        </Purp>
        <RmtInf>
          <Ustrd>Them structure itself.</Ustrd>
        </RmtInf>
      </CdtTrfTxInf>
      <CdtTrfTxInf>
        <PmtId>
          <InstrId>INSTR-31</InstrId>
          <EndToEndId>E2E-28c44cdb7e</EndToEndId>
        </PmtId>
        <Amt>
          <InstdAmt Ccy="CAD">4196.34</InstdAmt>
        </Amt>
        <Cdtr>
          <Nm>Jacqueline Winters</Nm>
          <PstlAdr>
            <StrtNm>Malik Route</StrtNm>
            <BldgNb>86</BldgNb>
            <TwnNm>Richardshire</TwnNm>
            <Ctry>IT</Ctry>
          </PstlAdr>
        </Cdtr>
        <CdtrAcct>
          <Id>
            <IBAN>IT48MLOL42786561942557</IBAN>
          </Id>
        </CdtrAcct>
        <CdtrAgt>
          <FinInstnId>
            <BIC>OYRVGBKC</BIC>
          </FinInstnId>
        </CdtrAgt>
        <Purp>
          <Cd>GOVT</Cd>
        </Purp>
        <RmtInf>
          <Ustrd>Media teacher person out music story.</Ustrd>
        </RmtInf>
      </CdtTrfTxInf>
      <CdtTrfTxInf>
        <PmtId>
          <InstrId>INSTR-32</InstrId>
          <EndToEndId>E2E-c25482e28f</EndToEndId>
        </PmtId>
        <Amt>
          <InstdAmt Ccy="GBP">4385.94</InstdAmt>
        </Amt>
        <Cdtr>
          <Nm>Jennifer Colon</Nm>
          <PstlAdr>
            <StrtNm>Veronica Plains</StrtNm>
            <BldgNb>135</BldgNb>
            <TwnNm>New Daletown</TwnNm>
            <Ctry>PL</Ctry>
          </PstlAdr>
        </Cdtr>
        <CdtrAcct>
          <Id>
            <IBAN>PL15IRVF35715586863956</IBAN>
          </Id>
        </CdtrAcct>
        <CdtrAgt>
          <FinInstnId>
            <BIC>WYDHGB3J</BIC>
          </FinInstnId>
        </CdtrAgt>
        <Purp>
          <Cd>TRAD</Cd>
        </Purp>
        <RmtInf>
          <Ustrd>Respond throw wide son manager.</Ustrd>
        </RmtInf>
      </CdtTrfTxInf>
      <CdtTrfTxInf>
        <PmtId>
          <InstrId>INSTR-33</InstrId>
          <EndToEndId>E2E-ba6c48a684</EndToEndId>
        </PmtId>
        <Amt>
          <InstdAmt Ccy="CHF">9152.68</InstdAmt>
        </Amt>
        <Cdtr>
          <Nm>Mark Lynn</Nm>
          <PstlAdr>
            <StrtNm>Andrew Burgs</StrtNm>
            <BldgNb>30</BldgNb>
            <TwnNm>Davidburgh</TwnNm>
            <Ctry>GB</Ctry>
          </PstlAdr>
        </Cdtr>
        <CdtrAcct>
          <Id>
            <IBAN>GB42YVCC47165609456534</IBAN>
          </Id>
        </CdtrAcct>
        <CdtrAgt>
          <FinInstnId>
            <BIC>NTSPGBC5</BIC>
          </FinInstnId>
        </CdtrAgt>
        <Purp>
          <Cd>GOVT</Cd>
        </Purp>
        <RmtInf>
          <Ustrd>Matter goal eight.</Ustrd>
        </RmtInf>
      </CdtTrfTxInf>
      <CdtTrfTxInf>
        <PmtId>
          <InstrId>INSTR-34</InstrId>
          <EndToEndId>E2E-65d3f67200</EndToEndId>
        </PmtId>
        <Amt>
          <InstdAmt Ccy="PLN">16187.84</InstdAmt>
        </Amt>
        <Cdtr>
          <Nm>Katherine Johnson</Nm>
          <PstlAdr>
            <StrtNm>Sydney Trace</StrtNm>
            <BldgNb>197</BldgNb>
            <TwnNm>South Johnnyland</TwnNm>
            <Ctry>ES</Ctry>
          </PstlAdr>
        </Cdtr>
        <CdtrAcct>
          <Id>
            <IBAN>ES78CHXW17653970548739</IBAN>
          </Id>
        </CdtrAcct>
        <CdtrAgt>
          <FinInstnId>
            <BIC>NDAVGBIB</BIC>
          </FinInstnId>
        </CdtrAgt>
        <Purp>
          <Cd>INTC</Cd>
        </Purp>
        <RmtInf>
          <Ustrd>Education brother might.</Ustrd>
        </RmtInf>
      </CdtTrfTxInf>
      <CdtTrfTxInf>
        <PmtId>
          <InstrId>INSTR-35</InstrId>
          <EndToEndId>E2E-6fa1a45056</EndToEndId>
        </PmtId>
        <Amt>
          <InstdAmt Ccy="USD">355.16</InstdAmt>
        </Amt>
        <Cdtr>
          <Nm>Brian Moore</Nm>
          <PstlAdr>
            <StrtNm>James Oval</StrtNm>
            <BldgNb>159</BldgNb>
            <TwnNm>North Paul</TwnNm>
            <Ctry>PL</Ctry>
          </PstlAdr>
        </Cdtr>
        <CdtrAcct>
          <Id>
            <IBAN>PL57XZUF60423597371122</IBAN>
          </Id>
        </CdtrAcct>
        <CdtrAgt>
          <FinInstnId>
            <BIC>EXTSGBB2</BIC>
          </FinInstnId>
        </CdtrAgt>
        <Purp>
          <Cd>PENS</Cd>
        </Purp>
        <RmtInf>
          <Ustrd>Land you health enjoy at.</Ustrd>
        </RmtInf>
      </CdtTrfTxInf>
      <CdtTrfTxInf>
        <PmtId>
          <InstrId>INSTR-36</InstrId>
          <EndToEndId>E2E-9a179653cc</EndToEndId>
        </PmtId>
        <Amt>
          <InstdAmt Ccy="GBP">3461.59</InstdAmt>
        </Amt>
        <Cdtr>
          <Nm>Paul Myers</Nm>
          <PstlAdr>
            <StrtNm>Brown Turnpike</StrtNm>
            <BldgNb>190</BldgNb>
            <TwnNm>North Aliciaview</TwnNm>
            <Ctry>DE</Ctry>
          </PstlAdr>
        </Cdtr>
        <CdtrAcct>
          <Id>
            <IBAN>DE79SQAJ25373377731268</IBAN>
          </Id>
        </CdtrAcct>
        <CdtrAgt>
          <FinInstnId>
            <BIC>UURZGBEJ</BIC>
          </FinInstnId>
        </CdtrAgt>
        <Purp>
          <Cd>PENS</Cd>
        </Purp>
        <RmtInf>
          <Ustrd>Tax certainly set local.</Ustrd>
        </RmtInf>
      </CdtTrfTxInf>
      <CdtTrfTxInf>
        <PmtId>
          <InstrId>INSTR-37</InstrId>
          <EndToEndId>E2E-3646a01fde</EndToEndId>
        </PmtId>
        <Amt>
          <InstdAmt Ccy="CAD">13474.57</InstdAmt>
        </Amt>
        <Cdtr>
          <Nm>Darin Baker</Nm>
          <PstlAdr>
            <StrtNm>Karen Canyon</StrtNm>
            <BldgNb>39</BldgNb>
            <TwnNm>Kimberlytown</TwnNm>
            <Ctry>PL</Ctry>
          </PstlAdr>
        </Cdtr>
        <CdtrAcct>
          <Id>
            <IBAN>PL92GVXL67932798623984</IBAN>
          </Id>
        </CdtrAcct>
        <CdtrAgt>
          <FinInstnId>
            <BIC>PYCNGBB0</BIC>
          </FinInstnId>
        </CdtrAgt>
        <Purp>
          <Cd>TAXS</Cd>
        </Purp>
        <RmtInf>
          <Ustrd>No relate since significant.</Ustrd>
        </RmtInf>
      </CdtTrfTxInf>
      <CdtTrfTxInf>
        <PmtId>
          <InstrId>INSTR-38</InstrId>
          <EndToEndId>E2E-e0ce3c3c9b</EndToEndId>
        </PmtId>
        <Amt>
          <InstdAmt Ccy="CHF">6633.52</InstdAmt>
        </Amt>
        <Cdtr>
          <Nm>Sylvia Turner</Nm>
          <PstlAdr>
            <StrtNm>Calhoun Walk</StrtNm>
            <BldgNb>28</BldgNb>
            <TwnNm>Dixonfurt</TwnNm>
            <Ctry>GB</Ctry>
          </PstlAdr>
        </Cdtr>
        <CdtrAcct>
          <Id>
            <IBAN>GB81YWSW89992751758891</IBAN>
          </Id>
        </CdtrAcct>
        <CdtrAgt>
          <FinInstnId>
            <BIC>IUIIGBS6</BIC>
          </FinInstnId>
        </CdtrAgt>
        <Purp>
          <Cd>TRAD</Cd>
        </Purp>
        <RmtInf>
          <Ustrd>Fine town trade not give.</Ustrd>
        </RmtInf>
      </CdtTrfTxInf>
      <CdtTrfTxInf>
        <PmtId>
          <InstrId>INSTR-39</InstrId>
          <EndToEndId>E2E-ab85619de7</EndToEndId>
        </PmtId>
        <Amt>
          <InstdAmt Ccy="CHF">5469.74</InstdAmt>
        </Amt>
        <Cdtr>
          <Nm>Chelsea Austin</Nm>
          <PstlAdr>
            <StrtNm>Leah Spurs</StrtNm>
            <BldgNb>111</BldgNb>
            <TwnNm>Jamesstad</TwnNm>
            <Ctry>PT</Ctry>
          </PstlAdr>
        </Cdtr>
        <CdtrAcct>
          <Id>
            <IBAN>PT73WRRK37982143395275</IBAN>
          </Id>
        </CdtrAcct>
        <CdtrAgt>
          <FinInstnId>
            <BIC>HMPWGBR3</BIC>
          </FinInstnId>
        </CdtrAgt>
        <Purp>
          <Cd>SALA</Cd>
        </Purp>
        <RmtInf>
          <Ustrd>Country various until lawyer.</Ustrd>
        </RmtInf>
      </CdtTrfTxInf>
      <CdtTrfTxInf>
        <PmtId>
          <InstrId>INSTR-40</InstrId>
          <EndToEndId>E2E-c5fb8265af</EndToEndId>
        </PmtId>
        <Amt>
          <InstdAmt Ccy="JPY">1266408.71</InstdAmt>
        </Amt>
        <Cdtr>
          <Nm>Karen Hughes</Nm>
          <PstlAdr>
            <StrtNm>Donald Crossing</StrtNm>
            <BldgNb>27</BldgNb>
            <TwnNm>Kathleenton</TwnNm>
            <Ctry>NL</Ctry>
          </PstlAdr>
        </Cdtr>
        <CdtrAcct>
          <Id>
            <IBAN>NL96BCID88421630900159</IBAN>
          </Id>
        </CdtrAcct>
        <CdtrAgt>
          <FinInstnId>
            <BIC>XIJNGBPO</BIC>
          </FinInstnId>
        </CdtrAgt>
        <Purp>
          <Cd>INTC</Cd>
        </Purp>
        <RmtInf>
          <Ustrd>Peace number environment need subject.</Ustrd>
        </RmtInf>
      </CdtTrfTxInf>
      <CdtTrfTxInf>
        <PmtId>
          <InstrId>INSTR-41</InstrId>
          <EndToEndId>E2E-9855199712</EndToEndId>
        </PmtId>
        <Amt>
          <InstdAmt Ccy="EUR">1466.42</InstdAmt>
        </Amt>
        <Cdtr>
          <Nm>Janet Weaver</Nm>
          <PstlAdr>
            <StrtNm>Stephanie Course</StrtNm>
            <BldgNb>144</BldgNb>
            <TwnNm>Lisaville</TwnNm>
            <Ctry>NL</Ctry>
          </PstlAdr>
        </Cdtr>
        <CdtrAcct>
          <Id>
            <IBAN>NL37DHNH37922341034699</IBAN>
          </Id>
        </CdtrAcct>
        <CdtrAgt>
          <FinInstnId>
            <BIC>MOGHGBGF</BIC>
          </FinInstnId>
        </CdtrAgt>
        <Purp>
          <Cd>TRAD</Cd>
        </Purp>
        <RmtInf>
          <Ustrd>Here there whether rather none.</Ustrd>
        </RmtInf>
      </CdtTrfTxInf>
      <CdtTrfTxInf>
        <PmtId>
          <InstrId>INSTR-42</InstrId>
          <EndToEndId>E2E-fafc172922</EndToEndId>
        </PmtId>
        <Amt>
          <InstdAmt Ccy="JPY">1580648.03</InstdAmt>
        </Amt>
        <Cdtr>
          <Nm>John Ramsey</Nm>
          <PstlAdr>
            <StrtNm>Davis Glens</StrtNm>
            <BldgNb>50</BldgNb>
            <TwnNm>Jeremystad</TwnNm>
            <Ctry>FR</Ctry>
          </PstlAdr>
        </Cdtr>
        <CdtrAcct>
          <Id>
            <IBAN>FR74IPFF39898306503121</IBAN>
          </Id>
        </CdtrAcct>
        <CdtrAgt>
          <FinInstnId>
            <BIC>TWRBGBQF</BIC>
          </FinInstnId>
        </CdtrAgt>
        <Purp>
          <Cd>TRAD</Cd>
        </Purp>
        <RmtInf>
          <Ustrd>Coach at the per of.</Ustrd>
        </RmtInf>
      </CdtTrfTxInf>
      <CdtTrfTxInf>
        <PmtId>
          <InstrId>INSTR-43</InstrId>
          <EndToEndId>E2E-14ee3be290</EndToEndId>
        </PmtId>
        <Amt>
          <InstdAmt Ccy="JPY">494819.85</InstdAmt>
        </Amt>
        <Cdtr>
          <Nm>Tyrone Morrison</Nm>
          <PstlAdr>
            <StrtNm>Carlos Courts</StrtNm>
            <BldgNb>166</BldgNb>
            <TwnNm>Lisaburgh</TwnNm>
            <Ctry>PL</Ctry>
          </PstlAdr>
        </Cdtr>
        <CdtrAcct>
          <Id>
            <IBAN>PL53RDYO85228230524808</IBAN>
          </Id>
        </CdtrAcct>
        <CdtrAgt>
          <FinInstnId>
            <BIC>QBMEGBKD</BIC>
          </FinInstnId>
        </CdtrAgt>
        <Purp>
          <Cd>TAXS</Cd>
        </Purp>
        <RmtInf>
          <Ustrd>Report require class paper.</Ustrd>
        </RmtInf>
      </CdtTrfTxInf>
      <CdtTrfTxInf>
        <PmtId>
          <InstrId>INSTR-44</InstrId>
          <EndToEndId>E2E-eaac2cc6c1</EndToEndId>
        </PmtId>
        <Amt>
          <InstdAmt Ccy="PLN">11622.63</InstdAmt>
        </Amt>
        <Cdtr>
          <Nm>Robert Byrd</Nm>
          <PstlAdr>
            <StrtNm>Pierce Stream</StrtNm>
            <BldgNb>66</BldgNb>
            <TwnNm>Onealmouth</TwnNm>
            <Ctry>NL</Ctry>
          </PstlAdr>
        </Cdtr>
        <CdtrAcct>
          <Id>
            <IBAN>NL28UQLZ99648628720319</IBAN>
          </Id>
        </CdtrAcct>
        <CdtrAgt>
          <FinInstnId>
            <BIC>LJDTGB0Y</BIC>
          </FinInstnId>
        </CdtrAgt>
        <Purp>
          <Cd>DIVD</Cd>
        </Purp>
        <RmtInf>
          <Ustrd>Last opportunity serve cause.</Ustrd>
        </RmtInf>
      </CdtTrfTxInf>
    </PmtInf>
  </CstmrCdtTrfInitn>
</Document>
